1655 2637
731 112 990 148 —182——

196 210 280 245 10a.
306 212 360 244 Ad
384 212 466 245 hanc
488 213 586 253 igitur

304 261 495 299 perveniens

304 309 462 341 verendus
487 307 634 349 pontifex

306 358 447 397 suscepit
472 356 624 389 tuendam

191 423 271 457 112„
301 425 503 465 Quapropter
529 424 636 456 cuncti

302 480 387 504 nunc
409 472 556 512 petimus,
583 474 620 503 ut
642 480 699 503 sua

304 520 409 559 gratia

887 209 971 244 101).
992 207 1038 240 Et
1061 204 1248 246 provinciae

992 254 1031 288 fit
1052 254 1151 286 totius

993 303 1125 336 tandem
1150 301 1315 341 apostolus

992 360 1052 392 per
1078 352 1194 382 cuncta
1217 348 1347 381 saecula

885 420 969 455 1110.
997 419 1167 457 compotes
1193 416 1323 457 reddat,

989 467 1057 507 jam
1081 465 1237 506 benignus
1263 474 1321 497 sua

996 515 1130 547 dextera

676 587 730 619 12.
757 585 825 618 Nos
849 584 1032 618 benedic-at.

267 662 294 690 D
322 662 372 690 fol.
403 660 457 690 127
469 670 494 689 a.
520 678 558 683 —-
580 662 607 690 E
634 661 684 689 fol.
714 658 769 689 326
783 661 810 688 b.
836 674 874 679 —
899 659 930 687 H
957 656 1033 686 7612.
1059 673 1097 679 —
1122 658 1151 685 K
1181 656 1231 684 fol.
1254 653 1309 683 192
1321 662 1347 682 a.
1369 669 1403 673 —
1425 654 1452 681 L
1471 654 1522 683 fol.

192 698 244 728 127
260 701 287 727 Ιι.
309 715 345 720 —
366 700 390 729 P
412 701 462 730 fol.
482 698 556 729 5331„
577 715 614 719 —
633 699 711 728 Tite]
732 698 783 727 (161·
803 697 953 735 Sequcnz:
984 697 1046 731 „De
1066 695 1198 731 Alleluja
1217 694 1253 722 Te
1270 695 1404 729 yzoriosus
1423 693 1463 721 Π.
1484 708 1524 713 -—-

190 736 240 773 2a,
264 738 278 766 1
305 747 358 774 per
387 739 507 767 saecula
526 739 591 767 DK.
612 752 649 757 ——
669 736 722 771 4a,
743 735 762 764 2
787 737 854 765 eine
873 736 954 765 silbe
976 737 1107 772 weniger
1128 733 1172 762 als
1192 733 1246 767 410,
1268 731 1300 770 23
1321 732 1524 760 Kontraktion

190 778 296 805 zweier
314 777 459 805 Neumen.
481 792 518 796 —-—
541 777 591 810 fib,
614 775 630 804 1
650 776 730 804 Eece
755 775 967 810 discipulorum
986 774 1025 801 D.
1047 787 1085 793 -—
1103 772 1156 806 Ta,
1178 771 1195 800 1
1215 771 1280 800 Nec
1300 771 1405 799 cohors
1425 771 1463 799 D.
1483 783 1521 788 -

191 813 259 850 loa,
281 813 299 844 3
318 816 467 844 verendus
485 815 635 852 apo-*tolus
657 814 696 850 [ις
717 813 795 842 idem
818 813 988 849 patriarcha
1007 813 1047 840 H.
1068 826 1106 831 -—
1129 809 1164 839 10
1174 811 1201 847 b,
1222 809 1241 838 2
1263 811 1304 838 sic
1325 811 1418 837 totius
1434 810 1523 837 D.—

191 851 225 881 11
234 861 260 888 a,
280 852 300 881 4
319 854 419 889 gloria
437 855 472 882 P,

190 1095 249 1126 2a.

198 1305 257 1337 Sa.

199 1469 254 1499 4a.

199 1583 255 1614 5a.

200 1840 253 1872 6a.

203 2098 258 2130 721.

205 2308 261 2341 8a.

629 956 690 988 165.
732 954 776 986 Dc
795 954 903 986 sancto
922 952 1076 985 Martiali.

677 1026 694 1058 1
702 1052 709 1060 .
735 1025 860 1059 Psallat,
881 1024 1026 1065 jucunda

277 1093 439 1133 Regnanti
464 1093 591 1126 Christo
618 1097 729 1126 sancta

277 1144 381 1173 mater
404 1140 539 1173 ecclesia
562 1141 596 1172 in

278 1189 339 1221 hac
366 1188 418 1221 die
441 1188 508 1220 suis

279 1236 355 1269 filiis
381 1236 598 1276 celeberrima,

285 1302 431 1336 Occurrit
456 1303 601 1343 angelica

279 1351 421 1391 psallens
447 1351 532 1383 laeta
556 1354 667 1383 sancta

281 1401 417 1431 caterva.

280 1465 413 1498 Donans
440 1465 468 1496 ei
495 1466 601 1506 cupita

280 1521 386 1545 secum
411 1521 489 1545 arva

283 1579 359 1612 Sine
382 1577 446 1612 fine
467 1588 686 1620 permansura.

281 1628 359 1660 Jesu
382 1628 577 1670 redemptor,

282 1676 419 1708 clemens
445 1676 571 1716 suscipe
595 1678 706 1708 sancte

282 1724 406 1756 cantica
427 1726 539 1756 nostra

280 1773 418 1811 Propter
440 1771 602 1804 Martialis
624 1772 749 1812 merita,

282 1839 306 1872 O
334 1838 439 1879 digna,

283 1896 300 1918 o
324 1887 471 1927 pulchra,

282 1943 299 1966 ο
324 1937 436 1967 sancta
459 1934 596 1968 infantia

282 1980 443 2015 Martialis

282 2030 366 2062 bona
391 2033 423 2062 et
448 2031 542 2071 celsa,

284 2096 329 2128 Et
353 2099 473 2129 tantam
496 2098 614 2130 meruit

285 2144 430 2184 gratiam,
455 2148 491 2177 ut
516 2147 584 2185 ejus
608 2146 641 2177 in
669 2153 764 2177 coena

284 2194 410 2223 teneret

286 2239 479 2273 linteamina.

286 2307 332 2339 Et
355 2307 459 2339 sancti

287 2354 431 2395 repletur
455 2354 603 2395 paracliti

289 2403 400 2444 gratia.

885 1090 943 1124 2b.

887 1301 945 1335 31).

887 1463 945 1498 4b.

888 1578 946 1612 5b.

890 1838 948 1873 6b.

892 2098 948 2132 712.

968 1092 1036 1131 Qua
1061 1089 1141 1124 felix
1169 1093 1201 1122 et
1224 1091 1338 1123 inclita

968 1138 1130 1171 Martialis
1155 1139 1263 1170 anima

969 1188 1112 1228 gaudens
1139 1187 1300 1219 coelorum

969 1235 1096 1267 levatur
1120 1234 1163 1267 ad
1189 1235 1321 1275 palatia.

968 1300 1109 1342 Excepit
1134 1301 1280 1335 Christus
1306 1311 1405 1335 ovans

969 1351 1001 1381 et
1026 1349 1127 1382 omnis
1154 1350 1303 1382 coelestis

970 1406 1113 1438 conviva,

968 1465 1077 1504 Atque
1104 1464 1223 1497 dilecta
1248 1473 1376 1505 semper

969 1512 1157 1546 tabernacla

969 1579 1091 1611 Dilecti
1115 1581 1163 1611 tui
1186 1589 1247 1620 per
1272 1580 1390 1614 omnia.

969 1627 1030 1668 Qui
1054 1630 1089 1659 te
1114 1631 1243 1660 secutus

972 1679 1031 1714 est,
1057 1677 1172 1709 aetatis
1198 1677 1263 1709 tria
1289 1685 1359 1709 cum

971 1723 1117 1757 volveret
1140 1725 1255 1757 lustra.

974 1771 1148 1805 Terrarum
1173 1782 1328 1814 respuens
1352 1774 1480 1814 gaudia.

971 1840 1057 1880 Quae
1084 1840 1246 1874 Christum

975 1888 1133 1928 cognovit,

971 1937 1074 1977 patris
1100 1938 1303 1978 sapientiam,

970 1985 1038 2024 jam
1063 1985 1211 2017 indutum

975 2041 1071 2065 carne
1095 2033 1245 2075 humana,

973 2098 1043 2131 Nec
1069 2099 1227 2142 discessit,
1256 2101 1359 2134 donec
1514 2136 1520 2139 ,

974 2146 1065 2179 videt
1088 2157 1229 2190 passum,
1256 2150 1493 2193 resuscitatum,

974 2196 1182 2229 scandentem

975 2243 1018 2275 acl
1045 2244 1220 2277 dexteram.

893 2308 951 2343 8b.
974 2310 1106 2343 Exinde

972 2358 1065 2398 jussu
1089 2359 1180 2392 Petri
1206 2361 1337 2394 veniens

977 2406 1115 2440 Galliam
