1655 2637
699 157 941 194 -38—

155 257 240 283 antro
268 254 409 291 sulphure
428 255 471 289 E;
497 257 579 283 antro
601 255 729 283 sulfuero
750 256 775 283 B
797 254 827 284 J.c
848 257 877 283 et
896 253 935 282 2³.
957 270 993 274 —
1016 253 1064 291 6a.,
1089 252 1104 282 1
1126 255 1256 284 exsultet
1272 255 1309 283 E.
1329 269 1367 275 —
1389 252 1440 289 62,
1461 251 1481 280 2

156 295 191 321 in
216 301 285 322 *foce
305 293 329 321 B
351 292 382 321 10
401 294 442 330 E3
463 295 583 323 invocet
600 294 625 322 B
645 293 685 322 2³.
707 309 744 314 -
765 293 818 330 71),
839 292 857 321 2
878 294 1023 329 paraclito
1047 294 1167 332 spiritui
1189 294 1215 322 Β
1236 293 1266 322 10
1287 297 1319 323 et
1339 292 1372 322 2ο
1389 293 1427 321 Ε.

620 397 662 429 18.
700 398 737 429 In
756 397 933 431 Nativitate
953 398 1013 429 DN.

662 469 679 502 i
687 496 694 503 .
722 469 872 502 Gloriosa
897 469 965 501 dies

159 526 215 558 Za.
242 525 398 558 Solemnis
424 528 519 567 atque
543 529 663 570 sancta,
844 526 902 562 ab.
931 527 1000 567 Qua
1022 527 1086 559 Dei
1111 525 1251 566 genitrix
1275 526 1366 567 virgo

156 584 216 616 3a.
242 582 344 615 Sacra
367 583 472 623 enixa,
846 583 903 617 3b.
928 584 1029 624 Quem
1053 586 1087 616 et,
1109 583 1289 622 prophetae

240 639 355 670 agnum
379 632 477 663 totius
503 630 600 669 orbis,
928 632 1004 663 olim
1028 631 1267 671 praeconiando

240 680 289 710 est
312 678 548 719 redemptorem
574 677 746 711 Christum.
928 679 1112 711 cecinerunt
1136 677 1290 711 futurum.

154 736 213 769 4a.
238 735 394 776 Angelico
421 736 544 767 cernuis
843 735 902 768 4b.
929 735 1131 768 Intuentibus
1157 736 1253 768 simul

237 783 419 824 pastoribus
441 792 521 823 prae
545 782 674 820 lumine,
925 784 1057 824 coelum,
1082 783 1251 815 laudantes
1277 784 1415 816 audiunt

155 842 210 874 52.
237 840 424 873 Exercitum
843 839 901 872 5b.
928 839 974 871 Et
996 841 1031 872 in
1055 843 1144 872 terra

238 887 423 920 dicentium:
460 887 572 920 Gloria
925 896 990 927 pax
1014 887 1195 920 hominibus
1220 888 1325 921 bonae

236 936 271 968 in
295 935 459 967 altissimis
485 936 528 967 sit
551 934 620 966 Deo
925 935 1101 968 voluntatis
1125 935 1161 968 id
1185 935 1220 967 in
1241 936 1357 976 ipsum.

154 994 211 1026 6a.
238 993 336 1033 Quem
361 993 531 1024 adoramus
843 992 901 1026 6b.
928 993 968 1025 In
993 993 1071 1025 sede
1095 992 1199 1032 patris

237 1044 482 1080 conregnantem
506 1041 540 1072 in
566 1040 664 1072 coelis
923 1040 1029 1072 Deum
1053 1040 1297 1080 aequiparatum

153 1099 208 1131 ¹7a.
234 1097 280 1130 Et
303 1099 414 1129 sancto
439 1098 556 1137 spiritu
842 1097 899 1129 712.
928 1097 1122 1130 Corruentes
1147 1098 1271 1137 taetris,

235 1144 455 1187 implorantes,
927 1146 985 1178 sed
1010 1145 1130 1178 sanctis
1151 1146 1257 1186 juncti

233 1201 275 1225 ne
299 1192 444 1224 labamus
925 1202 1106 1226 mereamur

607 1247 642 1282 8.
667 1250 772 1291 Digne
796 1250 982 1290 angelorum

666 1298 811 1338 gloriam.

225 1364 249 1392 B
269 1363 320 1391 fol.
343 1362 397 1392 170
419 1372 444 1391 a.
466 1379 503 1384 —
522 1363 550 1392 Ε
570 1363 620 1391 fol.
641 1362 698 1392 312
721 1373 747 1393 a.
776 1380 815 1384 —
840 1365 890 1392 Da
913 1365 1003 1393 keine
1028 1374 1088 1393 von
1113 1365 1221 1393 beiden
1240 1365 1476 1395 Handschriften

148 1402 196 1429 ‹lie
215 1402 345 1430 Melodie
370 1402 476 1437 bietct‚
501 1403 596 1431 bleibt
620 1403 668 1431 die
687 1403 876 1439 Aufstellung
905 1404 955 1431 des
975 1403 1198 1432 Parallelismus
1223 1404 1413 1442 fragwfirdig.
1435 1422 1473 1426 —

149 1438 200 1473 3a,
222 1439 237 1468 1
259 1442 346 1467 enixa
366 1443 411 1468 est
430 1443 503 1468 statt
521 1440 570 1475 3³7
593 1438 611 1469 3
626 1442 688 1469 BE.
706 1457 745 1461 —
764 1442 814 1478 42,
837 1440 852 1469 1
868 1443 988 1469 cernitis
1003 1442 1064 1470 BE.
1086 1458 1123 1463 -—
1142 1441 1193 1477 4b‚
1215 1440 1233 1469 2
1248 1444 1373 1472 audiant
1386 1444 1420 1471 Β.
1438 1459 1473 1463 —-

148 1478 198 1512 5a,
219 1477 238 1505 2
265 1478 430 1506 dicentibus
455 1479 517 1506 BE.
544 1494 581 1498 —
608 1478 659 1515 51),
682 1478 700 1507 2
727 1481 880 1516 bonaeque
899 1481 933 1508 B.
954 1495 991 1499 —
1013 1479 1040 1516 8,
1061 1479 1079 1508 2
1099 1481 1198 1517 gloria
1213 1482 1275 1518 BE,
1297 1483 1377 1511 darm
1394 1484 1475 1511 ware

148 1516 200 1551 7b,
222 1515 240 1543 2
254 1516 340 1553 jungi
359 1526 397 1544 zu
411 1517 502 1545 lesen.

606 1621 653 1653 19.
687 1621 731 1652 De
749 1620 926 1653 Nativitate
946 1621 1005 1653 DN.

547 1682 582 1716 1.
607 1681 823 1723 Gaudeamus,
848 1683 884 1715 in
908 1683 970 1716 hac
997 1684 1050 1717 die

609 1729 755 1763 Christus
779 1733 874 1764 natus
901 1735 959 1765 est.

148 1788 204 1819 Za.
229 1786 329 1826 Quem
344 1787 523 1827 prophetae
533 1787 776 1829 praedixerunt,
839 1788 900 1821 2b.
927 1789 1027 1829 Quem
1039 1792 1133 1831 pater
1149 1791 1238 1823 misit
1253 1792 1287 1824 in
1305 1793 1474 1827 mundum.

148 1845 205 1877 Sa.
232 1845 343 1884 Ipsum
368 1844 547 1887 adoremus,
838 1846 896 1879 3b.
921 1846 968 1879 Et
991 1850 1091 1881 totam
1116 1849 1252 1890 aridam,

231 1892 286 1932 qui
310 1890 390 1924 fecit
413 1892 516 1926 maria
540 1901 600 1925 nec
624 1903 688 1926 non
920 1896 979 1936 sol,
1009 1896 1128 1939 lunam,
1156 1897 1245 1929 sidus
1272 1902 1304 1932 et
1328 1899 1470 1943 globum,

146 1950 202 1982 421.
230 1950 329 1989 Quem
351 1949 491 1990 gloriosa
835 1952 896 1986 4b.
922 1953 1034 1993 ipsum
1059 1954 1198 1987 adorant

229 1997 319 2037 virgo
346 1997 453 2030 Maria
921 2004 1068 2034 cunctum
1092 2000 1287 2044 fulgentem3

230 2048 263 2076 et
285 2053 446 2085 puerpera
470 2046 597 2086 genuit3
918 2049 953 2081 in
980 2050 1115 2082 circuitu
1140 2051 1266 2083 sedium

147 2104 202 2135 5a.
229 2102 365 2134 Manent
388 2103 421 2134 in
447 2112 579 2144 regnum
836 2105 894 2139 5b.
922 2106 1058 2140 Sanctus
1083 2106 1182 2148 Deus,
1207 2113 1337 2142 sanctus
1361 2109 1467 2151 fortis,

229 2149 283 2190 qui
307 2150 426 2182 trinum
452 2154 485 2182 et
506 2161 602 2183 unum
919 2155 1055 2187 Sanctus
1080 2156 1282 2198 immortalis,

227 2198 332 2230 Deum
355 2198 490 2231 laudant
916 2203 1084 2244 gloriosus,

228 2249 325 2285 atque
350 2247 537 2280 concinunt:
918 2251 1001 2282 alme
1027 2251 1186 2286 conditor.

146 2305 201 2337 6a.
228 2303 330 2336 Tollis
356 2304 407 2344 qui
435 2314 535 2337 noxas
836 2307 893 2342 612.
920 2308 994 2341 Non
1018 2318 1076 2341 nos
1101 2310 1271 2349 permittas

229 2355 326 2391 atque
352 2350 506 2393 facinora,
918 2366 938 2389 a
961 2359 995 2389 te
1019 2358 1176 2399 separari,

228 2400 368 2433 concede
392 2400 484 2433 nobis
509 2404 597 2433 tuam
919 2406 974 2446 qui
996 2415 1098 2446 usque
1121 2415 1207 2439 nunc
1231 2407 1406 2441 adven-tum

227 2449 348 2489 largam
374 2448 559 2482 bonitatem.
916 2456 1007 2486 tuum
1035 2457 1268 2495 exspectamus.
