1655 2637
755 134 1019 170 -238—

613 237 676 269 218.
706 236 748 268 De
771 233 926 267 Communi
947 230 1151 265 confessoris.

680 308 711 341 1.
738 307 835 340 Alma
860 306 984 345 cohme,
1010 313 1075 336 una

737 355 870 387 laudum
895 362 1011 386 sonora

737 412 823 436 nune
838 409 950 444 prome
966 408 1148 441 praecoma.

221 465 276 496 2a.
303 462 423 502 Quibus
449 472 488 496 en
512 462 645 502 insignis
671 461 783 493 rutilat
909 458 971 492 2b.
991 457 1182 490 Meritorum
1208 459 1256 487 est
1280 454 1418 488 mirifica

299 510 460 543 Martialis
483 513 520 542 ut
545 511 623 542 luna
991 505 1124 538 radians
1145 505 1233 537 idem
1258 512 1351 536 saera

303 559 415 599 solque
439 558 556 598 sidera,
993 553 1229 594 praerogativa.

223 618 279 651 3a.
304 616 402 648 Hune
424 624 500 648 nam
523 615 656 656 sophiae
679 614 816 656 mystica
911 611 971 647 3b.
992 610 1093 644 Verbi
1116 619 1176 643 nee
1201 619 1266 642 non
1291 607 1461 642 fructifera

305 664 466 697 Ornarunt
490 663 571 695 mire
597 663 755 703 dogmata,
997 659 1088 692 sevit
1114 658 1216 691 divini
1240 657 1363 690 semina

304 721 368 751 qua
391 710 483 743 fulsit
505 711 611 744 nitida
993 707 1149 740 mentium
1173 715 1233 747 per
1257 715 1338 738 arva

304 759 483 792 luculenter
506 767 566 798 per
590 757 698 798 ampla
995 755 1146 796 pellendo
1172 762 1296 795 quoque
1322 755 1434 786 cuncta

306 807 393 839 orbis
421 807 557 841 elimata,
995 804 1099 836 noetis
1123 802 1246 835 nubila.

222 867 278 899 4a.
304 864 391 897 Hinc
414 862 534 896 famina
557 863 694 896 fundens
720 864 804 904 diva,
912 861 972 896 4b.
994 860 1187 894 Sublimavit
1217 859 1374 892 catholiea

305 915 418 952 utpote
443 911 594 944 coelestia
995 909 1201 941 vehementer
1226 907 1365 939 culmina

305 958 411 991 ferens
436 960 471 991 in
495 968 529 991 se
551 959 691 997 numina,
994 960 1106 989 saneta
1130 965 1190 996 per
1220 955 1355 996 eloquia.

225 1019 281 1051 5a.
308 1018 341 1049 Is
365 1025 479 1057 nempe
505 1017 590 1049 celsa
914 1014 971 1049 5b.
995 1013 1149 1048 Sublimis
1175 1016 1279 1045 exstat

309 1073 436 1105 compos
461 1065 564 1105 gloria
993 1062 1071 1095 sede
1096 1070 1236 1101 superna

308 1121 393 1144 nune
417 1112 556 1144 exsultat
995 1109 1106 1143 fruens
1132 1110 1200 1142 vita

306 1160 390 1192 inter
414 1159 611 1192 laetabunda
996 1167 1123 1198 semper
1145 1156 1336 1189 inexhausta

309 1208 529 1240 coelicolarum
554 1217 650 1240 ovans
997 1209 1048 1238 sat
1071 1215 1132 1246 per
1153 1204 1364 1237 saluberrima

307 1255 526 1287 contubernia.
998 1254 1120 1287 Christi
1141 1262 1272 1293 pascua.

225 1314 281 1347 6a.
308 1313 332 1345 O
361 1314 489 1354 dignum
516 1315 630 1345 cuncta
915 1312 971 1345 6b.
995 1312 1063 1344 Nos
1089 1319 1167 1343 voce
1194 1311 1282 1342 clara

307 1360 405 1393 laude
429 1361 593 1401 praecelsa
995 1359 1081 1391 hunc
1106 1362 1138 1390 et
1159 1358 1303 1398 jucunda

307 1408 489 1449 praesulem
513 1412 602 1440 tanta
1000 1407 1112 1439 dantes
1138 1415 1264 1438 oremus

306 1459 433 1488 nactum
457 1456 574 1496 gaudia
997 1463 1111 1495 preces
1136 1457 1169 1486 et
1192 1457 1277 1496 vota,

310 1504 465 1536 virtutum
488 1506 624 1544 propter
649 1504 773 1541 merita,
997 1511 1058 1543 quo
1082 1502 1174 1535 nobis
1200 1501 1284 1534 ferat
1311 1502 1488 1545 commoda,

310 1552 424 1591 quibus
449 1551 551 1592 viguit
575 1552 692 1584 ardens
998 1551 1152 1590 impetret
1176 1553 1207 1582 et
1231 1553 1364 1583 aeterna

309 1599 398 1631 velut
421 1599 581 1640 lampada.
998 1607 1134 1639 poscens
1161 1599 1315 1638 praemia.

229 1658 283 1690 7a.
311 1657 403 1695 Quod
425 1658 509 1696 petit
532 1665 684 1696 praesens
711 1660 849 1698 caterva‚
918 1656 976 1689 7b.
996 1657 1139 1696 Quonam
1162 1656 1251 1688 intra
1274 1655 1398 1696 palatia

311 1705 496 1745 praesulum
520 1713 654 1747 gemma,
1000 1707 1122 1736 stantes
1147 1712 1298 1744 suprema

313 1752 428 1784 devota
452 1753 633 1793 rependens
1001 1752 1078 1784 laeti
1102 1753 1300 1793 gratulemur

310 1801 420 1832 munia
441 1803 550 1833 mente
574 1801 710 1838 sincera,
1001 1801 1114 1840 adepti
1135 1801 1285 1841 polorum
1309 1809 1420 1841 regna.

312 1846 423 1880 favens
451 1848 493 1881 da
1002 1848 1056 1888 qui
1080 1851 1146 1882 tua.

312 1896 374 1928 sibi
398 1905 531 1936 precum
554 1897 719 1937 instantia,
1003 1897 1145 1939 praesul,
1170 1897 1321 1929 sistentes
1346 1897 1410 1929 hae
1432 1898 1508 1929 aula

314 1944 440 1976 scilieet
463 1948 498 1976 ut
524 1945 672 1984 polorum
1001 1944 1177 1984 jubilamus
1201 1945 1326 1985 ingenti

313 1992 412 2024 intret
438 1992 557 2025 limina.
1007 2001 1078 2024 eum
1101 1993 1228 2025 laetitia

634 2052 664 2084 8.
692 2050 884 2083 Recinentes
912 2050 1017 2083 dulcia

691 2108 777 2131 nunc
802 2099 949 2139 celsaque
973 2098 1126 2139 Alleluja.

309 2164 350 2192 Cb
378 2164 429 2192 fol·
451 2162 505 2192 130
529 2165 558 2192 h.
585 2179 622 2183 —
653 2165 680 2193 D
701 2165 753 2192 fol.
775 2163 830 2193 140
852 2166 881 2194 b.
906 2180 945 2184 —
966 2164 1024 2193 Cfr.
1047 2165 1171 2202 Tropar.
1193 2165 1224 2194 S.
1244 2165 1394 2202 Ebrulphi
1414 2173 1491 2193 saec.
1512 2163 1559 2192 12„

233 2203 303 2231 Cod.
330 2203 474 2230 Parisien.
503 2201 602 2231 1050ae
632 2204 665 2232 Θ.
698 2218 732 2222 -
766 2204 888 2240 Tropar.
916 2204 1106 2232 Floriaeense
1134 2212 1212 2232 saec.
1242 2203 1285 2232 11.
1317 2203 1386 2232 eod.
1413 2203 1559 2232 Parisien.

230 2242 326 2271 Nouv,
348 2249 411 2278 aeq.
435 2240 516 2268 1177.
537 2243 574 2269 Σ.
594 2256 633 2262 —
654 2241 711 2270 Οἰν-
731 2242 863 2270 Kehrein
876 2242 915 2270 N¹
937 2240 1007 2273 503:
1027 2242 1125 2275 Mone,
1146 2242 1264 2271 Lateiu.
1278 2244 1419 2279 Hymnen
1431 2242 1475 2269 Χῖ·
1492 2240 1559 2271 816.

231 2295 270 2301 ——
291 2279 341 2314 2³,
367 2279 381 2308 1
405 2280 518 2314 Quibus
539 2282 618 2308 enim
637 2281 731 2317 signis
751 2281 787 2308 Σ.
808 2296 847 2300 -
866 2279 917 2312 23,
940 2280 958 2308 2
979 2281 1014 2309 Χ.
1039 2281 1079 2311 Θ;
1104 2282 1253 2310 Martinus
1273 2283 1310 2310 Σ.
1330 2296 1369 2300 -
1389 2280 1441 2314 3a,
1465 2280 1479 2309 1
1502 2281 1561 2310 Hic

231 2328 301 2348 nam
324 2321 357 2348 Θ.
377 2335 416 2339 —
435 2316 487 2351 3a,
512 2318 529 2346 2
550 2320 668 2347 ornavit
691 2318 725 2346 Θ.
752 2333 789 2338 -
809 2317 861 2354 33,
883 2319 900 2347 5
922 2321 1001 2348 orbis
1022 2322 1120 2357 spatia
1143 2321 1176 2349 Θ.
1198 2337 1236 2341 —
1255 2318 1307 2351 421,
1331 2318 1345 2346 1
1369 2321 1427 2348 Hic
1447 2320 1562 2348 famina

232 2360 269 2388 Σ.
289 2374 327 2378 --
345 2357 398 2387 ea,
426 2355 444 2385 3
463 2358 577 2386 lumina
599 2360 633 2386 s-).
659 2373 698 2378 —-
725 2357 775 2393 5a,
796 2355 815 2386 3
837 2359 953 2387 exsulat
973 2358 1007 2386 Θ.
1036 2374 1072 2378 -
1100 2358 1152 2392 51),
1173 2358 1192 2386 2
1213 2368 1321 2395 supera
1349 2359 1383 2388 Θ.
1412 2374 1451 2379 --
1469 2358 1522 2390 73.
1543 2358 1563 2387 2

233 2399 430 2427 confessorum
450 2405 565 2431 gemma
591 2397 626 2424 Σ.
655 2411 693 2416 —
715 2396 768 2433 Ta,
789 2395 807 2425 3
827 2399 861 2425 in
879 2406 939 2425 una
959 2402 1056 2426 mente
1073 2398 1108 2424 Σ.
1140 2412 1172 2417 -
1202 2398 1253 2427 Ta,
1281 2396 1299 2426 S
1326 2397 1441 2426 lumina
1471 2399 1503 2427 Θ.
1525 2414 1564 2417 -

233 2436 288 2472 7b,
309 2435 327 2466 3
346 2430 464 2465 Dei-oti*
475 2437 658 2473 gratulemur
680 2435 713 2465 Θ.
