1655 2637
215 206 262 238 5a

216 502 273 534 Sa.

216 798 271 829 7a.

219 1045 274 1077 Sa.

218 1149 273 1182 9a.

193 1396 272 1430 ica.

198 1501 276 1534 lla.

194 1697 272 1731 12a.

196 1846 276 1878 isa.

194 2040 277 2072 1421.

197 2188 277 2220 1522.

723 105 984 141 *162*

265 231 272 238 .
300 205 324 237 O
352 206 472 245 quanta
496 203 557 236 Dei
581 204 703 243 pietas!

297 252 382 285 Nam
405 252 595 284 Zachariam

296 300 385 332 senio
410 298 574 331 labentem

296 347 442 379 coelestis
468 346 584 379 affatur

294 394 425 427 nuntius

294 442 464 483 proferens
490 441 585 474 talia:

300 500 400 539 Quam
426 498 513 540 felix,

296 556 391 589 quam
417 547 523 587 digna,

298 604 392 636 quam
417 599 530 628 sancta

296 643 466 683 promissio

295 700 375 723 voce
398 690 527 731 prolata

296 738 451 779 angelica.

297 796 438 836 Fulgore
462 794 597 835 perenni

301 851 375 875 ecce
399 843 512 875 rutilat

299 891 366 924 dies
391 891 454 923 ista

297 938 424 971 saeculo

300 987 422 1019 donans
447 985 575 1026 gaudia.

302 1043 476 1076 Praeoellit
500 1042 702 1083 patriarchas

301 1099 361 1123 nec
380 1099 444 1123 non
470 1094 502 1122 et
525 1091 712 1130 prophetas,

301 1149 325 1181 O
351 1149 424 1188 plus
451 1157 544 1188 quam
569 1147 738 1188 propheta,

297 1196 431 1228 Gemma
455 1199 640 1228 sanctorum
664 1196 762 1236 clara⁷

298 1243 442 1283 paradisi
470 1243 629 1284 diadema,

298 1291 409 1324 mundi
434 1292 530 1324 stella

301 1339 347 1371 Et
370 1340 494 1379 lampas
520 1337 722 1379 splendiflua.

299 1396 349 1428 Tu
373 1396 494 1428 saeculi
520 1396 682 1429 dominum

300 1443 453 1476 «Iordanis
478 1444 513 1476 in
536 1445 656 1477 fluenta

303 1501 384 1532 Tam
409 1500 557 1541 benigna,

301 1553 366 1580 tam
391 1549 531 1589 gloriosa

298 1597 487 1628 meritorum

299 1642 424 1676 obtines
449 1645 596 1686 insignia.

301 1697 443 1736 Fideles,
467 1697 535 1736 jam
560 1698 690 1738 psallite

300 1745 449 1777 laudibus

302 1792 414 1824 dantes
439 1801 523 1825 nova
547 1794 675 1835 gaudia,

301 1844 526 1878 Praecursoris
545 1846 669 1881 inclita,

300 1892 371 1924 Rex
398 1901 508 1933 regum
533 1892 632 1932 Deus,
659 1902 787 1935 semper

302 1940 362 1972 tibi
387 1950 510 1973 summa
533 1944 688 1983 potestas,

303 1987 352 2019 Sit
377 1989 493 2029 virtus,
518 1989 600 2030 laus,
627 1990 742 2030 gloria.

303 2041 424 2072 Amore

301 2085 449 2127 flagranti
475 2091 601 2120 nostras

302 2138 424 2167 mentes
447 2136 571 2168 irradia

302 2188 350 2221 Ut
374 2188 434 2219 tibi
458 2188 559 2220 melos

301 2244 475 2276 supernum

303 2284 400 2316 laude
424 2288 582 2324 perpetua

660 2338 714 2371 16.
741 2339 846 2372 Amen

907 793 965 828 7b.

908 1146 968 1180 ab.

887 1395 971 1429 10³0.

886 1502 928 1535 11
938 1501 968 1536 b.

888 1698 969 1732 12b.

888 1847 970 1881 131).

889 2042 972 2077 141).

890 2190 971 2225 1512.

907 201 965 235 5b.
990 200 1100 234 Oratio
1126 199 1195 232 Deo
1222 202 1278 232 tua.

989 248 1051 280 Est
1076 247 1240 286 exaudita,

990 295 1128 336 gravida
1153 295 1295 327 manebit

988 342 1160 375 Elisabeth
1185 352 1268 375 uxor

988 391 1089 423 filium

987 439 1048 471 tihi
1072 439 1228 479 paritura.

958 522 964 530 .
988 496 1088 535 Quam
1116 496 1221 528 clarus

987 545 1021 576 in
1050 544 1169 576 mundo

986 592 1145 632 processit

988 638 1047 672 flos
1073 640 1170 672 hodie

992 688 1102 720 divina
1125 687 1234 719 ferens

989 739 1143 769 aromata.

988 793 1138 825 Lucerna
1163 793 1327 826 Johannes

989 841 1070 873 coeli
1095 841 1272 881 perlustrat

991 898 1058 921 rem
1084 889 1246 930 publicam

989 936 1181 977 splendidus

991 984 1111 1017 Christi
1136 985 1251 1026 gratia.

959 1069 966 1074 .
989 1042 1125 1082 Angelis
1153 1041 1329 1074 consimilis

993 1089 1150 1131 dignitate
1174 1098 1308 1122 summa.

992 1147 1136 1179 Victrice
1161 1147 1271 1187 palma

989 1194 1188 1227 Sublimatus
1215 1195 1359 1227 exsultas

992 1243 1079 1275 inter
1105 1243 1218 1275 choros
1245 1243 1431 1284 angelorum

992 1299 1125 1323 cernens
1153 1291 1253 1323 altam

991 1338 1132 1371 Deitatis
1157 1340 1272 1371 usiam.

992 1396 1144 1428 Meruisti
1169 1397 1304 1438 tingere.

993 1453 1011 1476 o
1037 1443 1201 1477 Johannes
1226 1444 1387 1486 Baptista.

990 1501 1067 1542 Quis
1092 1505 1278 1535 sanctorum

991 1549 1053 1581 hac
1078 1551 1256 1590 promeruit

994 1598 1163 1630 sublimari

992 1645 1124 1678 honoris
1149 1647 1318 1687 potentia?

991 1698 1127 1731 Dei-otis
1151 1700 1312 1740 obsequiis

995 1746 1090 1779 colite

993 1795 1089 1827 modo
1115 1795 1196 1827 haec
1222 1795 1378 1829 solemnia

993 1848 1055 1886 Qui
1079 1847 1239 1888 gubernas
1265 1850 1382 1882 onmia.

994 1896 1068 1928 Jam
1090 1899 1203 1928 nostra
1229 1896 1369 1930 clemens
1391 1902 1469 1931 vota

996 1941 1049 1975 fac
1074 1943 1135 1975 tibi
1161 1944 1350 1984 dignissima

996 1990 1153 2023 {Iohannis
1178 2001 1240 2033 per
1264 1994 1389 2027 merita.

992 2042 1182 2077 Concedens

993 2090 1087 2124 beatu
1114 2092 1207 2125 nobis

996 2138 1138 2180 indignis
1163 2142 1291 2185 gaudia,

992 2192 1164 2226 Cantemus
1190 2203 1299 2228 secum

995 2244 1168 2282 regnantes

999 2291 1113 2322 cuncta
1138 2298 1199 2329 per
1223 2291 1364 2325 saecula.

745 2396 806 2419 vox
830 2392 921 2421 sonet
946 2392 1068 2425 nostru,
