1655 2637
667 106 927 143 -171—

158 203 214 237 7a.
241 203 353 236 -Justus
376 205 499 245 justum
525 205 670 245 sequitur

243 261 361 293 agnum
386 253 473 285 inter
495 252 563 285 lilit

243 300 376 333 odorem
402 300 550 341 virentia,

242 348 297 380 ubi
322 350 476 389 psallunt,

243 396 386 429 riserunt
411 397 466 436 qui
490 396 602 429 mundi
626 405 720 431 vana.

159 454 215 486 8a.
245 454 372 487 Canora
394 453 537 494 phalanx

243 501 463 534 harmonicum
489 502 619 534 boatum

240 557 353 588 prome
375 550 534 589 justorum

244 598 420 630 excolendo
446 597 605 629 natalitia.

156 655 214 687 9a.
245 653 385 696 Salvete‚
412 654 475 686 viri
501 654 614 696 sancti,

240 702 293 741 qui
319 711 380 743 per
404 702 507 735 multa
533 702 711 734 certamina

239 749 487 783 transcendistis
516 748 646 782 luciflua

240 798 389 837 polorum
415 801 513 830 astra.

134 853 177 887 10
187 864 219 889 a.
245 854 314 888 Deo
338 860 449 887 nostro
476 855 583 888 triuno

244 903 287 935 sit
312 903 425 945 gloria,

856 204 903 237 'ib

854 452 901 486 8b

853 653 912 687 9b.

829 854 915 889 10b.

908 228 914 236 .
938 204 1053 237 Pastor
1080 212 1188 235 verum
1214 205 1379 243 pastorum

941 252 1110 284 comitatur
1134 251 1168 282 in
1194 259 1254 283 axe

934 300 1095 333 admixtus
1122 299 1208 340 ovili,

937 348 1022 389 quod
1048 347 1176 387 ignorat

934 396 1004 436 pati
1029 394 1191 436 quaelibet
1210 394 1317 427 noxia.

905 478 912 484 .
937 452 1053 486 Coetus
1078 451 1279 492 promiscuus

937 501 981 533 ad
1005 500 1124 541 gaudia
1146 500 1309 539 pallentes

938 548 1022 581 ferte
1047 548 1160 589 violas,

937 596 1013 629 alba
1039 596 1114 629 (late
1137 603 1263 636 quoque
1284 595 1433 636 ligustra.

938 654 1060 686 Nostra
1084 661 1255 693 precamur
1280 652 1352 684 dira

938 701 1115 741 abstergite
1139 698 1272 742 flagitia,

937 752 974 782 ut
998 749 1164 782 vobiscum
1189 748 1365 781 habeamus

938 797 1058 832 Christi
1083 797 1230 837 gratiam.

938 852 997 894 Qut
1022 855 1162 894 simplex
1185 862 1314 893 semper
1343 855 1446 884 exstat

937 902 1059 942 absque
1083 906 1177 934 meta.

208 969 234 997 F
257 969 308 997 fol.
325 967 380 997 136
395 978 422 997 a.
445 984 479 988 —
502 967 555 1003 3b,
577 968 594 996 2
609 970 695 996 sieut.
710 984 748 989 —
766 967 820 1004 3b,
840 968 857 996 5
879 968 967 996 edita.
988 982 1026 987 —
1046 966 1099 1003 412,
1121 966 1138 996 3
1154 969 1223 995 tuis.
1247 982 1281 986 —
1305 966 1359 1001 5b,
1380 965 1395 993 1
1412 966 1468 994 Hi-

129 1016 241 1035 marus.
257 1022 296 1027 —
314 1007 331 1036 5
341 1008 369 1043 b,
384 1005 402 1036 3
419 1007 527 1036 ideula.
543 1024 581 1028 —
596 1005 647 1043 812,
664 1006 681 1034 :2
696 1008 866 1043 psallentes.
881 1022 918 1026 —
933 1006 984 1041 81),
998 1007 1018 1034 4
1032 1014 1155 1043 queque.
1170 1021 1205 1025 -
1223 1004 1257 1034 10
1265 1014 1291 1041 a,
1306 1006 1387 1033 trina
1398 1012 1467 1032 una.

555 1120 614 1152 156.
639 1119 683 1151 De
704 1120 813 1150 saneto
834 1117 1015 1150 Laurentio.

595 1201 626 1234 1.
655 1200 752 1233 Clara
779 1199 841 1231 tibi

653 1257 720 1287 Ποε,
749 1247 888 1289 Christe,
917 1245 1103 1280 dulcifluum

653 1296 798 1336 Alleluja

130 1366 187 1397 Za.
216 1364 396 1405 Pangamus
422 1364 521 1396 melos
548 1373 613 1397 una

219 1411 271 1444 die
294 1412 360 1443 ista

215 1468 337 1492 summa
364 1459 486 1492 Christi
511 1460 595 1492 aula.

132 1530 191 1562 3a.
219 1528 259 1560 In
285 1536 348 1567 qua
373 1527 444 1559 sine

214 1578 302 1607 meta
328 1574 511 1607 dulcimode
536 1577 710 1615 pertonant

131 1645 190 1677 4a.
220 1641 385 1683 Simulque
412 1644 443 1674 et
468 1641 565 1674 turba

216 1689 437 1730 apostolorum

215 1741 456 1781 martyrumque
482 1740 623 1778 caterva,

132 1808 188 1840 5a.
216 1804 283 1840 Ubi
309 1805 470 1846 perpetim
495 1805 609 1838 rutilat

216 1855 329 1887 laurea
352 1862 489 1894 namque
513 1854 583 1894 poli

216 1902 338 1942 adepta

133 1970 191 2005 6b.
215 1970 275 2011 Qui
300 1969 393 2003 rabie

215 2019 360 2051 Deciana
385 2027 445 2058 pro

212 2066 278 2100 fide
302 2068 470 2107 propriam

217 2116 310 2149 dedit
334 2115 484 2149 animam.

131 2186 187 2218 7a.
214 2184 427 2225 Ungularum,
455 2183 626 2216 verberum
647 2184 770 2225 erepita

213 2242 290 2266 nam
314 2241 375 2273 per
399 2233 557 2265 immensa

130 2303 186 2336 822.
215 2301 357 2334 Torrida

214 2359 312 2383 earne
336 2350 456 2391 migrat
482 2347 590 2382 ferrea

215 2399 250 2432 in
275 2402 364 2432 erate

854 1362 902 1395 2b

855 1525 901 1559 ssb

853 1640 913 1674 4b.

855 1804 913 1839 512.

854 1968 913 2003 6b.

854 2184 901 2217 Ἦ.)

851 2302 899 2335 8b

908 1390 914 1397 .
939 1362 1039 1395 Sacra
1065 1362 1133 1402 ejus
1159 1361 1263 1401 gloria

936 1418 996 1443 nos
1021 1410 1065 1443 ad
1090 1410 1176 1442 alma

937 1459 1035 1491 vehat
1062 1459 1142 1490 coeli
1167 1466 1277 1498 regna.

906 1551 912 1556 .
935 1526 1144 1566 Angelorum,

936 1574 1203 1614 archangelorum
1230 1572 1387 1605 examina.

938 1642 1037 1681 Quam
1063 1640 1126 1672 Dei
1152 1641 1258 1681 gratia

936 1698 1065 1729 semper
1092 1692 1228 1721 exornat

937 1746 1035 1777 super
1060 1746 1163 1776 omne,
1192 1737 1278 1777 quod
1304 1738 1419 1770 exstat.

934 1805 1054 1846 Fulget
1078 1808 1203 1844 martyr
1227 1805 1261 1837 in
1287 1804 1421 1837 aethera

937 1853 1143 1895 Laurentius,
1169 1853 1356 1893 praeclarus

936 1902 1045 1939 levita,

939 1969 1096 2002 Constans
1123 1970 1209 2001 inter

935 2021 1097 2051 tormenta
1122 2026 1219 2050 saeva

935 2067 1105 2107 promebat
1131 2067 1219 2099 clara

935 2115 1065 2149 Christo
1093 2115 1253 2156 dogmata.

906 2210 911 2216 .
936 2183 1023 2217 Odas
1049 2184 1197 2216 solvebat
1221 2182 1454 2225 permagnifica

936 2232 1057 2266 Christi
1083 2233 1197 2273 gloria.

904 2326 911 2334 .
932 2302 1111 2335 Pneumata

939 2349 1189 2391 conscenditque
1213 2349 1247 2382 in
1274 2350 1341 2389 poli

939 2399 1094 2433 dindima.
