1655 2637
669 95 929 131 —225-

133 190 189 223 22..
219 188 350 223 Chorda

219 238 299 270 dans
325 239 421 271 simul
446 239 632 280 perliquida

215 285 370 319 Valeriae
394 287 529 328 virginis
554 288 589 321 in

215 334 313 366 laude
338 343 442 377 sacra,
493 375 496 378 Ι

131 401 187 434 3a.
215 400 308 434 Haec
332 403 436 443 stirpe
461 406 512 436 sat
535 404 676 445 ingenua

215 448 389 491 effigieque
413 451 529 492 nitida,

215 498 360 530 moribus
385 499 509 539 placita

214 545 320 585 viguit
343 547 525 580 castissima

213 594 382 634 pudicitia.

128 661 185 696 42.
214 662 378 702 spernens
402 662 476 702 ipsa

216 709 344 743 Christo
370 714 474 750 nupta

213 757 370 798 Stephani
395 758 560 798 sponsalia

213 806 302 839 ducis

211 863 345 895 prorsus
372 852 516 896 foedera,

129 922 180 955 5a.
208 922 233 955 O
260 922 454 955 admiranda

212 970 388 1003 admodum
412 968 510 1011 facta,

208 1018 286 1051 tulit
311 1022 402 1051 casta

211 1065 358 1099 sublimis
386 1069 496 1099 erecta

212 1114 328 1154 cephal
353 1124 411 1147 sua

209 1164 366 1204 gestando
390 1162 476 1195 inter
500 1163 644 1202 brachia,

128 1231 185 1263 Ga.
212 1231 300 1263 Acer
325 1230 488 1263 occumbit

211 1280 336 1312 demum
362 1279 491 1318 lanista,

213 1327 279 1360 dux
304 1326 534 1360 tremebundus

208 1377 316 1407 mente
342 1375 470 1408 conscia

210 1424 286 1457 diva
310 1422 459 1464 flagitans
484 1424 625 1465 lavacra,

206 1472 367 1512 praesulis
393 1470 539 1504 salvifica

210 1520 333 1560 carpsit
354 1520 486 1553 monita.

125 1587 181 1620 ¹7a.
208 1588 291 1620 Tum
317 1586 469 1619 vernulos
496 1586 628 1619 Valeria

209 1644 250 1668 en
273 1637 347 1667 tuos
373 1635 469 1676 alma,

206 1693 246 1716 ex
271 1683 396 1716 meritis
421 1686 519 1724 atque
544 1684 650 1724 gratia

207 1741 335 1772 semper
359 1731 499 1772 illustra,

205 1781 345 1822 mystica

206 1829 261 1870 qui
284 1828 463 1869 praeconia

205 1886 292 1911 nunc
315 1880 373 1909 tua

205 1934 285 1959 voce
308 1928 462 1966 promunt
487 1933 629 1957 consona

206 1975 365 2007 nectendo
387 1982 536 2015 pneuma.

829 193 888 227 2b.

829 405 888 439 31).

826 664 885 699 4b.

825 923 883 959 5b.

825 1230 884 1264 6¹0.

822 1586 880 1620 7b.

633 2042 665 2076 8.
692 2040 732 2072 ln
756 2049 820 2082 qua

912 193 1009 234 Cuius

912 243 1075 275 annuatim
1101 243 1215 275 inclita

913 290 1006 323 nobis
1031 291 1148 331 gaudia
1173 292 1356 331 rependunt

913 336 1052 374 festalia.

913 406 962 438 Ac
985 405 1119 438 nimium
1139 404 1263 446 flagitia

910 453 1016 485 vitans
1040 454 1168 486 omnino
1193 455 1333 494 pessima

909 501 1063 534 virtutum
1089 502 1212 534 semina

908 550 996 582 intra
1020 549 1150 582 serebat
1174 558 1252 582 suae

910 597 1026 630 mentis
1051 598 1187 633 viscera.

909 663 1076 697 Sententia

910 712 1006 752 hujus
1034 712 1106 745 dira

904 760 1042 801 plectier
1067 764 1116 793 est
1141 760 1246 801 capite

907 810 998 849 jussa

907 859 1033 897 martyr
1058 855 1181 890 effecta.

906 922 991 956 Dum
1015 923 1078 956 Dei
1102 932 1222 963 sponsa

910 972 1064 1012 <anguine
1089 970 1162 1003 fusa

907 1023 1105 1060 perventura

908 1066 994 1099 foret
1018 1068 1204 1100 veneranda

908 1114 1072 1147 Martialis

907 1166 982 1196 ante
1006 1163 1090 1195 sacri
1116 1163 1261 1204 vestigia.

906 1229 972 1263 Hic
994 1240 1070 1264 nam
1093 1239 1244 1271 suprema

909 1282 1042 1318 captans
1068 1279 1213 1318 praemia

905 1327 1015 1368 sensit,
1043 1327 1122 1368 quid
1146 1327 1237 1368 virgo

906 1377 1017 1416 posset
1041 1375 1162 1416 pudica

904 1424 938 1456 in
965 1424 1051 1456 celsa
1076 1423 1144 1463 poli
1170 1423 1268 1463 curia,

905 1472 990 1512 quod
1015 1479 1114 1512 prece
1140 1471 1266 1503 caelebs
1289 1480 1348 1503 sua

906 1519 1031 1552 exstitit
1054 1519 1120 1560 pia.

903 1586 951 1619 Te
972 1595 1097 1628 quoque
1121 1589 1234 1619 nostra
1258 1588 1386 1619 sincera

905 1635 1092 1675 supplicant
1116 1637 1202 1678 vota,

907 1683 995 1715 coelo
1021 1681 1173 1724 suffragia
1197 1683 1317 1724 rogites

905 1731 999 1764 nobis
1025 1733 1166 1772 aeterna,

907 1788 968 1821 quo
994 1782 1106 1812 sancta

904 1828 1028 1861 resides
1054 1829 1141 1861 intra

904 1877 1032 1918 agmina

905 1925 1065 1966 virginum
1089 1925 1123 1957 in
1148 1924 1253 1966 gloria

903 1976 1072 2015 praestans
1098 1982 1227 2014 supera,

691 2089 850 2122 laetemur
873 2099 934 2131 per
958 2090 1074 2123 saecla.

193 2166 222 2194 D
244 2165 295 2194 fol.
320 2164 373 2194 113
395 2173 421 2193 a.
451 2182 487 2186 —
513 2165 541 2194 E
560 2165 610 2193 fol.
632 2162 690 2195 334
710 2166 738 2194 b.
758 2182 798 2187 —
817 2166 846 2194 K
868 2166 918 2195 fol.
942 2164 998 2194 229
1020 2167 1047 2195 b.
1070 2182 1107 2186 —
1125 2167 1149 2195 P
1173 2165 1224 2195 fol.
1247 2163 1303 2195 108
1323 2175 1349 2195 a.
1372 2181 1408 2185 —
1430 2168 1458 2202 Q

118 2204 173 2234 186
194 2206 222 2234 b.
251 2221 289 2226 -—-
317 2203 370 2241 3a,
392 2202 410 2233 3
431 2204 552 2241 placida
569 2204 602 2232 P.
623 2221 663 2225 -—
683 2203 733 2241 5a,
755 2204 772 2233 5
797 2205 901 2242 cephal
925 2205 1068 2243 gestando
1091 2214 1146 2233 sua
1166 2205 1285 2234 DEKP.
1305 2221 1344 2226 —
1365 2205 1413 2233 511.
1441 2206 1455 2234 1

116 2244 195 2273 Dum
217 2245 273 2273 Dei
293 2244 336 2280 Ε;
359 2245 434 2273 Cum
453 2245 512 2273 Dei
535 2244 569 2279 Q.
594 2259 629 2263 —
651 2244 704 2279 5b,
726 2243 744 2273 6
765 2253 850 2273 sacra
869 2245 936 2273 DE.
956 2260 995 2265 —
1015 2243 1065 2281 6a,
1088 2243 1104 2273 6
1125 2246 1241 2273 monita
1260 2245 1388 2282 apostoli
1410 2245 1454 2281 K;

115 2284 245 2321 apostoli
265 2282 401 2312 salvifica
416 2283 449 2311 P.
472 2299 509 2303 —
531 2281 581 2319 62,
604 2282 622 2310 7
641 2285 754 2321 carpsit
768 2285 858 2313 beata
871 2285 909 2313 K.
931 2299 969 2305 —
989 2283 1041 2320 6b,
1065 2282 1078 2313 1
1095 2285 1146 2312 bic
1164 2293 1235 2312 nam
1248 2284 1282 2312 P.
1305 2300 1341 2304 ——
1362 2283 1414 2317 73,
1437 2284 1454 2312 7

115 2331 179 2360 sqq.
206 2322 267 2352 und
287 2322 331 2351 Ἡ)
350 2323 455 2351 lauten
479 2324 512 2351 in
531 2323 575 2350 D:
604 2323 675 2351 Rite
699 2325 768 2360 post
797 2323 972 2352 discrimina
989 2323 1097 2361 Regna
1116 2322 1243 2352 concede
1262 2324 1353 2352 beata
1372 2331 1457 2351 sanc-

114 2365 212 2390 tornm
231 2364 264 2390 in
283 2362 383 2399 gloria
403 2365 433 2390 et
451 2364 556 2391 sancta
570 2362 772 2398 tabernacula,
793 2362 918 2391 Valeria
936 2363 1024 2391 beata
1036 2371 1094 2400 quo
1112 2365 1215 2391 exstat.
1250 2363 1341 2390 Dann
1353 2362 1455 2398 folgen

112 2401 191 2430 noch
211 2401 349 2438 fulge-nde
368 2401 530 2431 Klauseln:

173 2454 196 2477 D
202 2461 215 2476 τ
221 2460 253 2477 ev
259 2460 273 2477 e
279 2460 291 2477 s
296 2470 302 2481 ,
317 2453 455 2478 Prosarium
469 2453 648 2480 Lemovinenso.

1244 2449 1281 2480 15
