<?xml version="1.0" encoding="UTF-8"?>
<!DOCTYPE html PUBLIC "-//W3C//DTD XHTML 1.0 Transitional//EN"
    "http://www.w3.org/TR/xhtml1/DTD/xhtml1-transitional.dtd">
<html xmlns="http://www.w3.org/1999/xhtml" xml:lang="en" lang="en">
 <head>
  <title>
</title>
<meta http-equiv="Content-Type" content="text/html;charset=utf-8" />
  <meta name='ocr-system' content='tesseract 3.04.00' />
  <meta name='ocr-capabilities' content='ocr_page ocr_carea ocr_par ocr_line ocrx_word'/>
</head>
<body>
  <div class='ocr_page' id='page_1' title='image "./analectahymnica07drevuoft_00173.png"; bbox 0 0 1655 2637; ppageno 0'>
   <div class='ocr_carea' id='block_1_1' title="bbox 210 243 264 275">
    <p class='ocr_par' dir='ltr' id='par_1_1' title="bbox 210 243 264 275">
     <span class='ocr_line' id='line_1_1' title="bbox 210 243 264 275; baseline 0 0"><span class='ocrx_word' id='word_1_1' title='bbox 210 243 264 275; x_wconf 80' lang='lat' dir='ltr'>¹?a.</span> 
     </span>
    </p>
   </div>
   <div class='ocr_carea' id='block_1_2' title="bbox 209 348 264 380">
    <p class='ocr_par' dir='ltr' id='par_1_2' title="bbox 209 348 264 380">
     <span class='ocr_line' id='line_1_2' title="bbox 209 348 264 380; baseline -0.018 0"><span class='ocrx_word' id='word_1_2' title='bbox 209 348 264 380; x_wconf 82' lang='lat' dir='ltr'>Sa.</span> 
     </span>
    </p>
   </div>
   <div class='ocr_carea' id='block_1_3' title="bbox 207 453 262 486">
    <p class='ocr_par' dir='ltr' id='par_1_3' title="bbox 207 453 262 486">
     <span class='ocr_line' id='line_1_3' title="bbox 207 453 262 486; baseline -0.036 0"><span class='ocrx_word' id='word_1_3' title='bbox 207 453 262 486; x_wconf 85' lang='lat' dir='ltr'>9a.</span> 
     </span>
    </p>
   </div>
   <div class='ocr_carea' id='block_1_4' title="bbox 183 558 265 592">
    <p class='ocr_par' dir='ltr' id='par_1_4' title="bbox 183 558 265 592">
     <span class='ocr_line' id='line_1_4' title="bbox 183 558 265 592; baseline -0.012 -1"><span class='ocrx_word' id='word_1_4' title='bbox 183 558 265 592; x_wconf 72' lang='grc' dir='ltr'>1οα.</span> 
     </span>
    </p>
   </div>
   <div class='ocr_carea' id='block_1_5' title="bbox 721 145 984 181">
    <p class='ocr_par' dir='ltr' id='par_1_5' title="bbox 721 145 984 181">
     <span class='ocr_line' id='line_1_5' title="bbox 721 145 984 181; baseline 0.008 -2"><span class='ocrx_word' id='word_1_5' title='bbox 721 145 984 181; x_wconf 85' lang='lat'>—166-—</span> 
     </span>
    </p>
   </div>
   <div class='ocr_carea' id='block_1_6' title="bbox 287 243 657 599">
    <p class='ocr_par' dir='ltr' id='par_1_6' title="bbox 291 243 441 275">
     <span class='ocr_line' id='line_1_6' title="bbox 291 243 441 275; baseline 0 0"><span class='ocrx_word' id='word_1_6' title='bbox 291 243 336 275; x_wconf 87' lang='lat' dir='ltr'>Et</span> <span class='ocrx_word' id='word_1_7' title='bbox 362 252 441 275; x_wconf 87' lang='lat' dir='ltr'>voce</span> 
     </span>
    </p>

    <p class='ocr_par' dir='ltr' id='par_1_7' title="bbox 289 292 652 440">
     <span class='ocr_line' id='line_1_7' title="bbox 294 292 652 333; baseline 0.006 -10"><span class='ocrx_word' id='word_1_8' title='bbox 294 292 481 324; x_wconf 81' lang='lat' dir='ltr'>decantabis</span> <span class='ocrx_word' id='word_1_9' title='bbox 507 293 652 333; x_wconf 80' lang='lat' dir='ltr'>angelica</span> 
     </span>
     <span class='ocr_line' id='line_1_8' title="bbox 291 347 630 391; baseline 0.009 -12"><span class='ocrx_word' id='word_1_10' title='bbox 291 347 356 380; x_wconf 85' lang='lat' dir='ltr'>Ter</span> <span class='ocrx_word' id='word_1_11' title='bbox 381 358 493 390; x_wconf 86' lang='lat' dir='ltr'>agnus,</span> <span class='ocrx_word' id='word_1_12' title='bbox 520 358 630 391; x_wconf 83' lang='lat' dir='ltr'>agnus,</span> 
     </span>
     <span class='ocr_line' id='line_1_9' title="bbox 289 396 528 440; baseline 0.004 -12"><span class='ocrx_word' id='word_1_13' title='bbox 289 405 389 436; x_wconf 83' lang='lat' dir='ltr'>agnus</span> <span class='ocrx_word' id='word_1_14' title='bbox 415 396 528 440; x_wconf 68' lang='grc' dir='ltr'><em>κύριος</em></span> 
     </span>
    </p>

    <p class='ocr_par' dir='ltr' id='par_1_8' title="bbox 287 453 657 599">
     <span class='ocr_line' id='line_1_10' title="bbox 287 453 494 487; baseline 0.01 -2"><span class='ocrx_word' id='word_1_15' title='bbox 287 453 331 485; x_wconf 88' lang='lat' dir='ltr'>Et</span> <span class='ocrx_word' id='word_1_16' title='bbox 357 453 494 487; x_wconf 87' lang='lat' dir='ltr'>Domino</span> 
     </span>
     <span class='ocr_line' id='line_1_11' title="bbox 292 501 635 534; baseline 0.003 -1"><span class='ocrx_word' id='word_1_17' title='bbox 292 501 478 534; x_wconf 79' lang='lat' dir='ltr'>decantabis</span> <span class='ocrx_word' id='word_1_18' title='bbox 502 511 635 534; x_wconf 83' lang='lat' dir='ltr'>munera</span> 
     </span>
     <span class='ocr_line' id='line_1_12' title="bbox 292 559 657 599; baseline 0.003 -9"><span class='ocrx_word' id='word_1_19' title='bbox 292 559 434 598; x_wconf 76' lang='lat' dir='ltr'>Ideoque</span> <span class='ocrx_word' id='word_1_20' title='bbox 457 560 657 599; x_wconf 77' lang='lat' dir='ltr'>praecelsam</span> 
     </span>
    </p>
   </div>
   <div class='ocr_carea' id='block_1_7' title="bbox 288 607 605 698">
    <p class='ocr_par' dir='ltr' id='par_1_9' title="bbox 288 607 605 698">
     <span class='ocr_line' id='line_1_13' title="bbox 288 607 605 647; baseline 0.003 -10"><span class='ocrx_word' id='word_1_21' title='bbox 288 610 375 638; x_wconf 83' lang='lat' dir='ltr'>tuam</span> <span class='ocrx_word' id='word_1_22' title='bbox 397 607 605 647; x_wconf 73' lang='lat' dir='ltr'>imploramus</span> 
     </span>
     <span class='ocr_line' id='line_1_14' title="bbox 290 654 501 698; baseline 0.009 -13"><span class='ocrx_word' id='word_1_23' title='bbox 290 654 501 698; x_wconf 84' lang='lat' dir='ltr'>clementiam,</span> 
     </span>
    </p>
   </div>
   <div class='ocr_carea' id='block_1_8' title="bbox 902 244 961 277">
    <p class='ocr_par' dir='ltr' id='par_1_10' title="bbox 902 244 961 277">
     <span class='ocr_line' id='line_1_15' title="bbox 902 244 961 277; baseline -0.017 0"><span class='ocrx_word' id='word_1_24' title='bbox 902 244 961 277; x_wconf 81' lang='lat' dir='ltr'>7b.</span> 
     </span>
    </p>
   </div>
   <div class='ocr_carea' id='block_1_9' title="bbox 901 349 961 383">
    <p class='ocr_par' dir='ltr' id='par_1_11' title="bbox 901 349 961 383">
     <span class='ocr_line' id='line_1_16' title="bbox 901 349 961 383; baseline 0 -1"><span class='ocrx_word' id='word_1_25' title='bbox 901 349 961 383; x_wconf 88' lang='lat' dir='ltr'>8b.</span> 
     </span>
    </p>
   </div>
   <div class='ocr_carea' id='block_1_10' title="bbox 901 455 959 488">
    <p class='ocr_par' dir='ltr' id='par_1_12' title="bbox 901 455 959 488">
     <span class='ocr_line' id='line_1_17' title="bbox 901 455 959 488; baseline -0.017 0"><span class='ocrx_word' id='word_1_26' title='bbox 901 455 959 488; x_wconf 88' lang='lat' dir='ltr'>9b.</span> 
     </span>
    </p>
   </div>
   <div class='ocr_carea' id='block_1_11' title="bbox 876 560 958 593">
    <p class='ocr_par' dir='ltr' id='par_1_13' title="bbox 876 560 958 593">
     <span class='ocr_line' id='line_1_18' title="bbox 876 560 958 593; baseline 0 0"><span class='ocrx_word' id='word_1_27' title='bbox 876 560 958 593; x_wconf 69' lang='lat'>101³.</span> 
     </span>
    </p>
   </div>
   <div class='ocr_carea' id='block_1_12' title="bbox 986 243 1247 324">
    <p class='ocr_par' dir='ltr' id='par_1_14' title="bbox 986 243 1247 324">
     <span class='ocr_line' id='line_1_19' title="bbox 986 243 1228 283; baseline -0.008 -6"><span class='ocrx_word' id='word_1_28' title='bbox 986 243 1065 277; x_wconf 85' lang='lat' dir='ltr'>Cum</span> <span class='ocrx_word' id='word_1_29' title='bbox 1091 245 1228 283; x_wconf 83' lang='lat' dir='ltr'>quatuor</span> 
     </span>
     <span class='ocr_line' id='line_1_20' title="bbox 987 290 1247 324; baseline 0 -1"><span class='ocrx_word' id='word_1_30' title='bbox 987 292 1067 324; x_wconf 87' lang='lat' dir='ltr'>coeli</span> <span class='ocrx_word' id='word_1_31' title='bbox 1093 290 1247 323; x_wconf 81' lang='lat' dir='ltr'>animalia.</span> 
     </span>
    </p>
   </div>
   <div class='ocr_carea' id='block_1_13' title="bbox 981 348 1491 696">
    <p class='ocr_par' dir='ltr' id='par_1_15' title="bbox 984 348 1491 429">
     <span class='ocr_line' id='line_1_21' title="bbox 984 348 1491 389; baseline -0.006 -8"><span class='ocrx_word' id='word_1_32' title='bbox 984 348 1056 381; x_wconf 85' lang='lat' dir='ltr'>Hoc</span> <span class='ocrx_word' id='word_1_33' title='bbox 1082 350 1147 381; x_wconf 73' lang='lat' dir='ltr'>est:</span> <span class='ocrx_word' id='word_1_34' title='bbox 1175 348 1323 389; x_wconf 79' lang='lat' dir='ltr'>Sanctus,</span> <span class='ocrx_word' id='word_1_35' title='bbox 1350 350 1491 387; x_wconf 80' lang='lat' dir='ltr'>sanctus,</span> 
     </span>
     <span class='ocr_line' id='line_1_22' title="bbox 985 395 1305 429; baseline 0 -1"><span class='ocrx_word' id='word_1_36' title='bbox 985 399 1113 429; x_wconf 83' lang='lat' dir='ltr'>sanctus</span> <span class='ocrx_word' id='word_1_37' title='bbox 1138 395 1305 429; x_wconf 67' lang='lat' dir='ltr'>Dominus</span> 
     </span>
    </p>

    <p class='ocr_par' dir='ltr' id='par_1_16' title="bbox 982 453 1192 486">
     <span class='ocr_line' id='line_1_23' title="bbox 982 453 1192 486; baseline -0.005 0"><span class='ocrx_word' id='word_1_38' title='bbox 982 453 1028 486; x_wconf 81' lang='lat' dir='ltr'>Et</span> <span class='ocrx_word' id='word_1_39' title='bbox 1052 453 1192 486; x_wconf 78' lang='lat' dir='ltr'>maxima</span> 
     </span>
    </p>

    <p class='ocr_par' dir='ltr' id='par_1_17' title="bbox 982 501 1342 542">
     <span class='ocr_line' id='line_1_24' title="bbox 982 501 1342 542; baseline 0.006 -10"><span class='ocrx_word' id='word_1_40' title='bbox 982 501 1146 534; x_wconf 79' lang='lat' dir='ltr'>videberis</span> <span class='ocrx_word' id='word_1_41' title='bbox 1170 501 1203 533; x_wconf 89' lang='lat' dir='ltr'>in</span> <span class='ocrx_word' id='word_1_42' title='bbox 1230 501 1342 542; x_wconf 83' lang='lat' dir='ltr'>gloria.</span> 
     </span>
    </p>

    <p class='ocr_par' dir='ltr' id='par_1_18' title="bbox 981 559 1298 648">
     <span class='ocr_line' id='line_1_25' title="bbox 981 559 1298 599; baseline -0.003 -7"><span class='ocrx_word' id='word_1_43' title='bbox 981 559 1040 592; x_wconf 87' lang='lat' dir='ltr'>Uti</span> <span class='ocrx_word' id='word_1_44' title='bbox 1064 560 1154 591; x_wconf 78' lang='lat' dir='ltr'>clara</span> <span class='ocrx_word' id='word_1_45' title='bbox 1178 559 1298 599; x_wconf 80' lang='lat' dir='ltr'>gaudia</span> 
     </span>
     <span class='ocr_line' id='line_1_26' title="bbox 983 608 1198 648; baseline 0 -10"><span class='ocrx_word' id='word_1_46' title='bbox 983 608 1198 648; x_wconf 82' lang='lat' dir='ltr'>percipiamus</span> 
     </span>
    </p>

    <p class='ocr_par' dir='ltr' id='par_1_19' title="bbox 982 655 1238 696">
     <span class='ocr_line' id='line_1_27' title="bbox 982 655 1238 696; baseline 0 -10"><span class='ocrx_word' id='word_1_47' title='bbox 982 663 1040 696; x_wconf 83' lang='lat' dir='ltr'>per</span> <span class='ocrx_word' id='word_1_48' title='bbox 1065 655 1238 695; x_wconf 88' lang='lat' dir='ltr'>splendida</span> 
     </span>
    </p>
   </div>
   <div class='ocr_carea' id='block_1_14' title="bbox 623 711 1004 746">
    <p class='ocr_par' dir='ltr' id='par_1_20' title="bbox 623 711 1004 746">
     <span class='ocr_line' id='line_1_28' title="bbox 623 711 1004 746; baseline 0.003 -1"><span class='ocrx_word' id='word_1_49' title='bbox 623 713 680 745; x_wconf 80' lang='lat'>11.</span> <span class='ocrx_word' id='word_1_50' title='bbox 706 711 853 746; x_wconf 80' lang='lat' dir='ltr'>Saecula.</span> <span class='ocrx_word' id='word_1_51' title='bbox 888 713 1004 746; x_wconf 78' lang='lat' dir='ltr'>Amen.</span> 
     </span>
    </p>
   </div>
   <div class='ocr_carea' id='block_1_15' title="bbox 259 775 479 805">
    <p class='ocr_par' dir='ltr' id='par_1_21' title="bbox 259 775 479 805">
     <span class='ocr_line' id='line_1_29' title="bbox 259 775 479 805; baseline 0 -1"><span class='ocrx_word' id='word_1_52' title='bbox 259 777 283 804; x_wconf 92' lang='lat' dir='ltr'>B</span> <span class='ocrx_word' id='word_1_53' title='bbox 309 777 359 805; x_wconf 80' lang='lat' dir='ltr'>fol.</span> <span class='ocrx_word' id='word_1_54' title='bbox 386 775 441 805; x_wconf 89' lang='grc'>158</span> <span class='ocrx_word' id='word_1_55' title='bbox 451 778 479 805; x_wconf 75' lang='lat' dir='ltr'>b.</span> 
     </span>
    </p>
   </div>
   <div class='ocr_carea' id='block_1_16' title="bbox 571 774 1511 810">
    <p class='ocr_par' dir='ltr' id='par_1_22' title="bbox 571 774 1511 810">
     <span class='ocr_line' id='line_1_30' title="bbox 571 774 1511 810; baseline 0.001 -6"><span class='ocrx_word' id='word_1_56' title='bbox 571 777 615 804; x_wconf 84' lang='lat' dir='ltr'>Ca</span> <span class='ocrx_word' id='word_1_57' title='bbox 643 777 693 805; x_wconf 85' lang='lat' dir='ltr'>fol.</span> <span class='ocrx_word' id='word_1_58' title='bbox 719 776 756 805; x_wconf 85' lang='lat'>60</span> <span class='ocrx_word' id='word_1_59' title='bbox 768 787 794 805; x_wconf 83' lang='lat' dir='ltr'>a.</span> <span class='ocrx_word' id='word_1_60' title='bbox 819 794 856 798; x_wconf 90' lang='lat'>—</span> <span class='ocrx_word' id='word_1_61' title='bbox 882 778 910 806; x_wconf 83' lang='lat' dir='ltr'>E</span> <span class='ocrx_word' id='word_1_62' title='bbox 935 777 985 805; x_wconf 92' lang='lat' dir='ltr'>fol.</span> <span class='ocrx_word' id='word_1_63' title='bbox 1006 774 1102 805; x_wconf 61' lang='lat'>3041).</span> <span class='ocrx_word' id='word_1_64' title='bbox 1124 791 1159 796; x_wconf 84' lang='lat'><strong>—</strong></span> <span class='ocrx_word' id='word_1_65' title='bbox 1181 776 1232 810; x_wconf 68' lang='lat' dir='ltr'>Za,</span> <span class='ocrx_word' id='word_1_66' title='bbox 1257 777 1270 806; x_wconf 94' lang='lat'>1</span> <span class='ocrx_word' id='word_1_67' title='bbox 1293 780 1407 806; x_wconf 85' lang='lat' dir='ltr'>cunctis</span> <span class='ocrx_word' id='word_1_68' title='bbox 1423 787 1511 805; x_wconf 76' lang='lat' dir='ltr'>vene-</span> 
     </span>
    </p>
   </div>
   <div class='ocr_carea' id='block_1_17' title="bbox 177 814 1511 967">
    <p class='ocr_par' dir='ltr' id='par_1_23' title="bbox 177 814 1511 967">
     <span class='ocr_line' id='line_1_31' title="bbox 178 814 1510 852; baseline 0.001 -10"><span class='ocrx_word' id='word_1_69' title='bbox 178 814 272 842; x_wconf 78' lang='lat' dir='ltr'>randa</span> <span class='ocrx_word' id='word_1_70' title='bbox 301 815 411 846; x_wconf 78' lang='lat' dir='ltr'>BCaE;</span> <span class='ocrx_word' id='word_1_71' title='bbox 438 817 498 852; x_wconf 83' lang='lat' dir='ltr'>vgl.</span> <span class='ocrx_word' id='word_1_72' title='bbox 526 815 574 843; x_wconf 77' lang='lat' dir='ltr'>(lie</span> <span class='ocrx_word' id='word_1_73' title='bbox 599 815 733 852; x_wconf 82' lang='lat' dir='ltr'>Sequenz</span> <span class='ocrx_word' id='word_1_74' title='bbox 758 817 797 852; x_wconf 86' lang='lat' dir='ltr'>gl.</span> <span class='ocrx_word' id='word_1_75' title='bbox 826 816 892 843; x_wconf 74' lang='lat' dir='ltr'>Ans.</span> <span class='ocrx_word' id='word_1_76' title='bbox 921 816 956 844; x_wconf 85' lang='lat' dir='ltr'>&lt;le</span> <span class='ocrx_word' id='word_1_77' title='bbox 981 824 1004 842; x_wconf 75' lang='lat' dir='ltr'>s.</span> <span class='ocrx_word' id='word_1_78' title='bbox 1035 815 1195 852; x_wconf 76' lang='lat' dir='ltr'>Stephano.</span> <span class='ocrx_word' id='word_1_79' title='bbox 1219 832 1260 836; x_wconf 88' lang='lat'>—</span> <span class='ocrx_word' id='word_1_80' title='bbox 1283 814 1337 847; x_wconf 62' lang='lat'>42,</span> <span class='ocrx_word' id='word_1_81' title='bbox 1365 815 1385 844; x_wconf 88' lang='lat'>4</span> <span class='ocrx_word' id='word_1_82' title='bbox 1412 816 1510 845; x_wconf 86' lang='lat' dir='ltr'>solvat</span> 
     </span>
     <span class='ocr_line' id='line_1_32' title="bbox 177 852 1511 889; baseline 0.001 -9"><span class='ocrx_word' id='word_1_83' title='bbox 177 852 284 880; x_wconf 69' lang='lat' dir='ltr'>BcaE.</span> <span class='ocrx_word' id='word_1_84' title='bbox 307 868 342 872; x_wconf 88' lang='lat'>—</span> <span class='ocrx_word' id='word_1_85' title='bbox 363 853 415 883; x_wconf 75' lang='grc'>41),</span> <span class='ocrx_word' id='word_1_86' title='bbox 438 852 455 880; x_wconf 83' lang='grc'>2</span> <span class='ocrx_word' id='word_1_87' title='bbox 482 855 627 889; x_wconf 79' lang='lat' dir='ltr'>benignus</span> <span class='ocrx_word' id='word_1_88' title='bbox 655 852 760 881; x_wconf 59' lang='lat' dir='ltr'>JsscaE.</span> <span class='ocrx_word' id='word_1_89' title='bbox 788 868 825 874; x_wconf 43' lang='grc' dir='ltr'>-ψ</span> <span class='ocrx_word' id='word_1_90' title='bbox 853 854 908 888; x_wconf 70' lang='grc'>51),</span> <span class='ocrx_word' id='word_1_91' title='bbox 929 852 947 882; x_wconf 88' lang='lat'>3</span> <span class='ocrx_word' id='word_1_92' title='bbox 969 855 1089 881; x_wconf 74' lang='lat' dir='ltr'>aeterna</span> <span class='ocrx_word' id='word_1_93' title='bbox 1110 853 1215 882; x_wconf 81' lang='lat' dir='ltr'>BCaE.</span> <span class='ocrx_word' id='word_1_94' title='bbox 1235 870 1274 874; x_wconf 81' lang='lat'>—</span> <span class='ocrx_word' id='word_1_95' title='bbox 1294 853 1345 884; x_wconf 63' lang='lat'>51),</span> <span class='ocrx_word' id='word_1_96' title='bbox 1367 854 1385 882; x_wconf 84' lang='lat'>5</span> <span class='ocrx_word' id='word_1_97' title='bbox 1406 855 1511 882; x_wconf 75' lang='lat' dir='ltr'>rutilat</span> 
     </span>
     <span class='ocr_line' id='line_1_33' title="bbox 180 889 1511 928; baseline 0.002 -10"><span class='ocrx_word' id='word_1_98' title='bbox 180 891 230 918; x_wconf 74' lang='lat' dir='ltr'>Ca.</span> <span class='ocrx_word' id='word_1_99' title='bbox 258 905 296 909; x_wconf 97' lang='lat'><strong>—</strong></span> <span class='ocrx_word' id='word_1_100' title='bbox 323 889 373 921; x_wconf 67' lang='lat'>82,</span> <span class='ocrx_word' id='word_1_101' title='bbox 403 889 421 918; x_wconf 87' lang='lat'>2</span> <span class='ocrx_word' id='word_1_102' title='bbox 450 893 549 927; x_wconf 76' lang='lat' dir='ltr'>Kyrus</span> <span class='ocrx_word' id='word_1_103' title='bbox 576 892 603 919; x_wconf 90' lang='lat' dir='ltr'>E</span> <span class='ocrx_word' id='word_1_104' title='bbox 638 908 676 913; x_wconf 75' lang='lat'>—-</span> <span class='ocrx_word' id='word_1_105' title='bbox 703 892 760 920; x_wconf 86' lang='lat' dir='ltr'>Die</span> <span class='ocrx_word' id='word_1_106' title='bbox 789 893 922 928; x_wconf 77' lang='lat' dir='ltr'>Sequenz</span> <span class='ocrx_word' id='word_1_107' title='bbox 948 894 989 920; x_wconf 88' lang='lat' dir='ltr'>ist</span> <span class='ocrx_word' id='word_1_108' title='bbox 1016 893 1081 919; x_wconf 84' lang='lat' dir='ltr'>eine</span> <span class='ocrx_word' id='word_1_109' title='bbox 1105 891 1314 928; x_wconf 74' lang='lat' dir='ltr'>Erweiterung</span> <span class='ocrx_word' id='word_1_110' title='bbox 1340 892 1511 928; x_wconf 78' lang='lat' dir='ltr'>derjenigen</span> 
     </span>
     <span class='ocr_line' id='line_1_34' title="bbox 178 928 1510 967; baseline 0.002 -11"><span class='ocrx_word' id='word_1_111' title='bbox 178 928 314 964; x_wconf 80' lang='lat' dir='ltr'>gleiehen</span> <span class='ocrx_word' id='word_1_112' title='bbox 334 929 467 966; x_wconf 72' lang='lat' dir='ltr'>Anfangs</span> <span class='ocrx_word' id='word_1_113' title='bbox 495 930 549 958; x_wconf 88' lang='lat' dir='ltr'>auf</span> <span class='ocrx_word' id='word_1_114' title='bbox 569 930 624 957; x_wconf 85' lang='lat' dir='ltr'>‹len</span> <span class='ocrx_word' id='word_1_115' title='bbox 644 930 685 958; x_wconf 90' lang='lat' dir='ltr'>hl.</span> <span class='ocrx_word' id='word_1_116' title='bbox 707 931 884 967; x_wconf 70' lang='lat' dir='ltr'>Stephanus.</span> <span class='ocrx_word' id='word_1_117' title='bbox 923 931 982 958; x_wconf 85' lang='lat' dir='ltr'>Die</span> <span class='ocrx_word' id='word_1_118' title='bbox 1002 930 1179 966; x_wconf 78' lang='lat' dir='ltr'>zugefiigten</span> <span class='ocrx_word' id='word_1_119' title='bbox 1200 930 1347 965; x_wconf 77' lang='lat' dir='ltr'>Strophen</span> <span class='ocrx_word' id='word_1_120' title='bbox 1369 931 1510 959; x_wconf 82' lang='lat' dir='ltr'>erlauben</span> 
     </span>
    </p>
   </div>
   <div class='ocr_carea' id='block_1_18' title="bbox 178 966 242 994">
    <p class='ocr_par' dir='ltr' id='par_1_24' title="bbox 178 966 242 994">
     <span class='ocr_line' id='line_1_35' title="bbox 178 966 242 994; baseline 0 0"><span class='ocrx_word' id='word_1_121' title='bbox 178 966 242 994; x_wconf 80' lang='lat' dir='ltr'>sich</span> 
     </span>
    </p>
   </div>
   <div class='ocr_carea' id='block_1_19' title="bbox 204 1218 259 1249">
    <p class='ocr_par' dir='ltr' id='par_1_25' title="bbox 204 1218 259 1249">
     <span class='ocr_line' id='line_1_36' title="bbox 204 1218 259 1249; baseline -0.036 0"><span class='ocrx_word' id='word_1_122' title='bbox 204 1218 259 1249; x_wconf 84' lang='lat' dir='ltr'>2a.</span> 
     </span>
    </p>
   </div>
   <div class='ocr_carea' id='block_1_20' title="bbox 205 1370 250 1402">
    <p class='ocr_par' dir='ltr' id='par_1_26' title="bbox 205 1370 250 1402">
     <span class='ocr_line' id='line_1_37' title="bbox 205 1370 250 1402; baseline -0.067 0"><span class='ocrx_word' id='word_1_123' title='bbox 205 1370 250 1402; x_wconf 72' lang='lat' dir='ltr'>Sa</span> 
     </span>
    </p>
   </div>
   <div class='ocr_carea' id='block_1_21' title="bbox 204 1474 260 1506">
    <p class='ocr_par' dir='ltr' id='par_1_27' title="bbox 204 1474 260 1506">
     <span class='ocr_line' id='line_1_38' title="bbox 204 1474 260 1506; baseline -0.054 0"><span class='ocrx_word' id='word_1_124' title='bbox 204 1474 260 1506; x_wconf 78' lang='lat' dir='ltr'>4a.</span> 
     </span>
    </p>
   </div>
   <div class='ocr_carea' id='block_1_22' title="bbox 204 1675 259 1706">
    <p class='ocr_par' dir='ltr' id='par_1_28' title="bbox 204 1675 259 1706">
     <span class='ocr_line' id='line_1_39' title="bbox 204 1675 259 1706; baseline -0.036 0"><span class='ocrx_word' id='word_1_125' title='bbox 204 1675 259 1706; x_wconf 87' lang='lat' dir='ltr'>5a.</span> 
     </span>
    </p>
   </div>
   <div class='ocr_carea' id='block_1_23' title="bbox 203 1827 258 1859">
    <p class='ocr_par' dir='ltr' id='par_1_29' title="bbox 203 1827 258 1859">
     <span class='ocr_line' id='line_1_40' title="bbox 203 1827 258 1859; baseline -0.018 -1"><span class='ocrx_word' id='word_1_126' title='bbox 203 1827 258 1859; x_wconf 84' lang='lat' dir='ltr'>6a.</span> 
     </span>
    </p>
   </div>
   <div class='ocr_carea' id='block_1_24' title="bbox 203 2027 257 2059">
    <p class='ocr_par' dir='ltr' id='par_1_30' title="bbox 203 2027 257 2059">
     <span class='ocr_line' id='line_1_41' title="bbox 203 2027 257 2059; baseline 0.019 -2"><span class='ocrx_word' id='word_1_127' title='bbox 203 2027 257 2059; x_wconf 82' lang='lat' dir='ltr'>7a.</span> 
     </span>
    </p>
   </div>
   <div class='ocr_carea' id='block_1_25' title="bbox 202 2180 256 2212">
    <p class='ocr_par' dir='ltr' id='par_1_31' title="bbox 202 2180 256 2212">
     <span class='ocr_line' id='line_1_42' title="bbox 202 2180 256 2212; baseline -0.056 0"><span class='ocrx_word' id='word_1_128' title='bbox 202 2180 256 2212; x_wconf 73' lang='lat'>82.</span> 
     </span>
    </p>
   </div>
   <div class='ocr_carea' id='block_1_26' title="bbox 201 2335 256 2367">
    <p class='ocr_par' dir='ltr' id='par_1_32' title="bbox 201 2335 256 2367">
     <span class='ocr_line' id='line_1_43' title="bbox 201 2335 256 2367; baseline -0.055 0"><span class='ocrx_word' id='word_1_129' title='bbox 201 2335 256 2367; x_wconf 72' lang='lat'>921.</span> 
     </span>
    </p>
   </div>
   <div class='ocr_carea' id='block_1_27' title="bbox 265 967 618 1004">
    <p class='ocr_par' dir='ltr' id='par_1_33' title="bbox 265 967 618 1004">
     <span class='ocr_line' id='line_1_44' title="bbox 265 967 618 1004; baseline 0 -10"><span class='ocrx_word' id='word_1_130' title='bbox 265 968 332 995; x_wconf 81' lang='lat' dir='ltr'>eine</span> <span class='ocrx_word' id='word_1_131' title='bbox 351 967 618 1004; x_wconf 75' lang='lat' dir='ltr'>Vorschlagssflbe.</span> 
     </span>
    </p>
   </div>
   <div class='ocr_carea' id='block_1_28' title="bbox 596 1079 1092 1111">
    <p class='ocr_par' dir='ltr' id='par_1_34' title="bbox 596 1079 1092 1111">
     <span class='ocr_line' id='line_1_45' title="bbox 596 1079 1092 1111; baseline -0.002 0"><span class='ocrx_word' id='word_1_132' title='bbox 596 1080 651 1111; x_wconf 81' lang='lat'>151.</span> <span class='ocrx_word' id='word_1_133' title='bbox 680 1079 722 1111; x_wconf 84' lang='lat' dir='ltr'>De</span> <span class='ocrx_word' id='word_1_134' title='bbox 744 1080 852 1111; x_wconf 78' lang='lat' dir='ltr'>sancto</span> <span class='ocrx_word' id='word_1_135' title='bbox 873 1079 1017 1111; x_wconf 85' lang='lat' dir='ltr'>Johanne</span> <span class='ocrx_word' id='word_1_136' title='bbox 1036 1079 1092 1111; x_wconf 78' lang='lat' dir='ltr'>Ev.</span> 
     </span>
    </p>
   </div>
   <div class='ocr_carea' id='block_1_29' title="bbox 695 1159 946 1192">
    <p class='ocr_par' dir='ltr' id='par_1_35' title="bbox 695 1159 946 1192">
     <span class='ocr_line' id='line_1_46' title="bbox 695 1159 946 1192; baseline 0 -1"><span class='ocrx_word' id='word_1_137' title='bbox 695 1160 727 1192; x_wconf 82' lang='lat'>1.</span> <span class='ocrx_word' id='word_1_138' title='bbox 754 1159 946 1192; x_wconf 81' lang='lat' dir='ltr'>Solemnitas</span> 
     </span>
    </p>
   </div>
   <div class='ocr_carea' id='block_1_30' title="bbox 285 1216 699 1344">
    <p class='ocr_par' dir='ltr' id='par_1_36' title="bbox 285 1216 699 1344">
     <span class='ocr_line' id='line_1_47' title="bbox 286 1216 479 1248; baseline 0.01 -2"><span class='ocrx_word' id='word_1_139' title='bbox 286 1216 479 1248; x_wconf 80' lang='lat' dir='ltr'>Veneranda</span> 
     </span>
     <span class='ocr_line' id='line_1_48' title="bbox 294 1263 699 1296; baseline -0.002 -1"><span class='ocrx_word' id='word_1_140' title='bbox 294 1263 408 1295; x_wconf 81' lang='lat' dir='ltr'>:unctis</span> <span class='ocrx_word' id='word_1_141' title='bbox 434 1263 520 1296; x_wconf 85' lang='lat' dir='ltr'>beati</span> <span class='ocrx_word' id='word_1_142' title='bbox 543 1263 699 1296; x_wconf 81' lang='lat' dir='ltr'>Johannis</span> 
     </span>
     <span class='ocr_line' id='line_1_49' title="bbox 285 1311 485 1344; baseline 0.01 -2"><span class='ocrx_word' id='word_1_143' title='bbox 285 1312 367 1343; x_wconf 80' lang='lat' dir='ltr'>nitet</span> <span class='ocrx_word' id='word_1_144' title='bbox 391 1311 485 1344; x_wconf 72' lang='lat' dir='ltr'>alma.</span> 
     </span>
    </p>
   </div>
   <div class='ocr_carea' id='block_1_31' title="bbox 254 1367 785 2011">
    <p class='ocr_par' dir='ltr' id='par_1_37' title="bbox 254 1367 560 1400">
     <span class='ocr_line' id='line_1_50' title="bbox 254 1367 560 1400; baseline -0.003 0"><span class='ocrx_word' id='word_1_145' title='bbox 254 1394 260 1400; x_wconf 94' lang='lat'><em>.</em></span> <span class='ocrx_word' id='word_1_146' title='bbox 290 1367 409 1400; x_wconf 79' lang='lat' dir='ltr'>Christi</span> <span class='ocrx_word' id='word_1_147' title='bbox 434 1370 560 1400; x_wconf 82' lang='lat' dir='ltr'>secutus</span> 
     </span>
    </p>

    <p class='ocr_par' dir='ltr' id='par_1_38' title="bbox 288 1416 503 1456">
     <span class='ocr_line' id='line_1_51' title="bbox 288 1416 503 1456; baseline -0.005 -9"><span class='ocrx_word' id='word_1_148' title='bbox 288 1419 334 1447; x_wconf 88' lang='lat' dir='ltr'>est</span> <span class='ocrx_word' id='word_1_149' title='bbox 358 1416 503 1456; x_wconf 79' lang='lat' dir='ltr'>vestigia,</span> 
     </span>
    </p>

    <p class='ocr_par' dir='ltr' id='par_1_39' title="bbox 286 1470 604 1599">
     <span class='ocr_line' id='line_1_52' title="bbox 289 1470 528 1511; baseline 0 -7"><span class='ocrx_word' id='word_1_150' title='bbox 289 1470 386 1511; x_wconf 79' lang='lat' dir='ltr'>Cujus</span> <span class='ocrx_word' id='word_1_151' title='bbox 410 1470 528 1504; x_wconf 70' lang='lat' dir='ltr'>festiva</span> 
     </span>
     <span class='ocr_line' id='line_1_53' title="bbox 286 1520 604 1560; baseline 0.003 -9"><span class='ocrx_word' id='word_1_152' title='bbox 286 1520 460 1559; x_wconf 81' lang='lat' dir='ltr'>praeconia</span> <span class='ocrx_word' id='word_1_153' title='bbox 483 1520 604 1560; x_wconf 80' lang='lat' dir='ltr'>psallat</span> 
     </span>
     <span class='ocr_line' id='line_1_54' title="bbox 287 1567 423 1599; baseline 0.007 -1"><span class='ocrx_word' id='word_1_154' title='bbox 287 1567 423 1599; x_wconf 85' lang='lat' dir='ltr'>ecclesia</span> 
     </span>
    </p>

    <p class='ocr_par' dir='ltr' id='par_1_40' title="bbox 281 1614 785 2011">
     <span class='ocr_line' id='line_1_55' title="bbox 285 1614 690 1655; baseline 0.007 -9"><span class='ocrx_word' id='word_1_155' title='bbox 285 1614 476 1655; x_wconf 69' lang='lat' dir='ltr'>symphonia</span> <span class='ocrx_word' id='word_1_156' title='bbox 500 1616 690 1655; x_wconf 71' lang='lat' dir='ltr'>rhythmica.</span> 
     </span>
     <span class='ocr_line' id='line_1_56' title="bbox 286 1672 668 1713; baseline 0.003 -8"><span class='ocrx_word' id='word_1_157' title='bbox 286 1672 331 1705; x_wconf 93' lang='lat' dir='ltr'>Ut</span> <span class='ocrx_word' id='word_1_158' title='bbox 356 1680 416 1713; x_wconf 85' lang='lat' dir='ltr'>per</span> <span class='ocrx_word' id='word_1_159' title='bbox 440 1673 527 1705; x_wconf 78' lang='lat' dir='ltr'>illius</span> <span class='ocrx_word' id='word_1_160' title='bbox 552 1675 668 1706; x_wconf 85' lang='lat' dir='ltr'>merita</span> 
     </span>
     <span class='ocr_line' id='line_1_57' title="bbox 286 1723 692 1761; baseline 0.007 -10"><span class='ocrx_word' id='word_1_161' title='bbox 286 1729 426 1760; x_wconf 81' lang='lat' dir='ltr'>superna</span> <span class='ocrx_word' id='word_1_162' title='bbox 449 1724 559 1760; x_wconf 82' lang='lat' dir='ltr'>pateat</span> <span class='ocrx_word' id='word_1_163' title='bbox 584 1723 692 1761; x_wconf 77' lang='lat' dir='ltr'>patria</span> 
     </span>
     <span class='ocr_line' id='line_1_58' title="bbox 285 1768 785 1808; baseline 0.008 -9"><span class='ocrx_word' id='word_1_164' title='bbox 285 1768 492 1808; x_wconf 80' lang='lat' dir='ltr'>sequentibus</span> <span class='ocrx_word' id='word_1_165' title='bbox 516 1774 631 1802; x_wconf 77' lang='lat' dir='ltr'>sancta</span> <span class='ocrx_word' id='word_1_166' title='bbox 653 1771 785 1805; x_wconf 81' lang='lat' dir='ltr'>monita.</span> 
     </span>
     <span class='ocr_line' id='line_1_59' title="bbox 284 1824 568 1866; baseline 0.004 -9"><span class='ocrx_word' id='word_1_167' title='bbox 284 1824 365 1865; x_wconf 81' lang='lat' dir='ltr'>EJ&#39;us</span> <span class='ocrx_word' id='word_1_168' title='bbox 391 1826 443 1865; x_wconf 85' lang='lat' dir='ltr'>qui</span> <span class='ocrx_word' id='word_1_169' title='bbox 469 1835 568 1866; x_wconf 81' lang='lat' dir='ltr'>supra</span> 
     </span>
     <span class='ocr_line' id='line_1_60' title="bbox 281 1873 621 1907; baseline 0.009 -3"><span class='ocrx_word' id='word_1_170' title='bbox 281 1873 439 1905; x_wconf 84' lang='lat' dir='ltr'>recubans</span> <span class='ocrx_word' id='word_1_171' title='bbox 464 1874 496 1905; x_wconf 85' lang='lat' dir='ltr'>in</span> <span class='ocrx_word' id='word_1_172' title='bbox 525 1882 621 1907; x_wconf 86' lang='lat' dir='ltr'>coena</span> 
     </span>
     <span class='ocr_line' id='line_1_61' title="bbox 283 1921 572 1963; baseline 0.003 -11"><span class='ocrx_word' id='word_1_173' title='bbox 283 1925 396 1960; x_wconf 79' lang='lat' dir='ltr'>pectus</span> <span class='ocrx_word' id='word_1_174' title='bbox 422 1921 572 1963; x_wconf 73' lang='lat' dir='ltr'>[logmata</span> 
     </span>
     <span class='ocr_line' id='line_1_62' title="bbox 284 1968 602 2011; baseline 0.009 -12"><span class='ocrx_word' id='word_1_175' title='bbox 284 1968 393 2000; x_wconf 84' lang='lat' dir='ltr'>hausit</span> <span class='ocrx_word' id='word_1_176' title='bbox 417 1970 602 2011; x_wconf 84' lang='lat' dir='ltr'>evangelica</span> 
     </span>
    </p>
   </div>
   <div class='ocr_carea' id='block_1_32' title="bbox 282 2025 662 2471">
    <p class='ocr_par' dir='ltr' id='par_1_41' title="bbox 285 2025 445 2065">
     <span class='ocr_line' id='line_1_63' title="bbox 285 2025 445 2065; baseline 0.006 -8"><span class='ocrx_word' id='word_1_177' title='bbox 285 2025 445 2065; x_wconf 78' lang='lat' dir='ltr'>Mysteria</span> 
     </span>
    </p>

    <p class='ocr_par' dir='ltr' id='par_1_42' title="bbox 286 2073 396 2105">
     <span class='ocr_line' id='line_1_64' title="bbox 286 2073 396 2105; baseline -0.009 0"><span class='ocrx_word' id='word_1_178' title='bbox 286 2073 396 2105; x_wconf 82' lang='lat' dir='ltr'>divina</span> 
     </span>
    </p>

    <p class='ocr_par' dir='ltr' id='par_1_43' title="bbox 284 2120 575 2161">
     <span class='ocr_line' id='line_1_65' title="bbox 284 2120 575 2161; baseline 0.01 -9"><span class='ocrx_word' id='word_1_179' title='bbox 284 2120 426 2161; x_wconf 80' lang='lat' dir='ltr'>coelique</span> <span class='ocrx_word' id='word_1_180' title='bbox 450 2125 575 2155; x_wconf 83' lang='lat' dir='ltr'>secreta</span> 
     </span>
    </p>

    <p class='ocr_par' dir='ltr' id='par_1_44' title="bbox 283 2178 558 2259">
     <span class='ocr_line' id='line_1_66' title="bbox 283 2178 558 2219; baseline 0.004 -8"><span class='ocrx_word' id='word_1_181' title='bbox 283 2178 330 2211; x_wconf 78' lang='lat' dir='ltr'>Et</span> <span class='ocrx_word' id='word_1_182' title='bbox 353 2179 400 2210; x_wconf 84' lang='lat' dir='ltr'>sic</span> <span class='ocrx_word' id='word_1_183' title='bbox 422 2181 558 2219; x_wconf 67' lang='lat' dir='ltr'>mystica</span> 
     </span>
     <span class='ocr_line' id='line_1_67' title="bbox 286 2226 476 2259; baseline 0.005 -1"><span class='ocrx_word' id='word_1_184' title='bbox 286 2226 476 2259; x_wconf 83' lang='lat' dir='ltr'>documenta</span> 
     </span>
    </p>

    <p class='ocr_par' dir='ltr' id='par_1_45' title="bbox 283 2274 600 2366">
     <span class='ocr_line' id='line_1_68' title="bbox 285 2274 565 2316; baseline 0.004 -10"><span class='ocrx_word' id='word_1_185' title='bbox 285 2274 413 2314; x_wconf 82' lang='lat' dir='ltr'>spiritui</span> <span class='ocrx_word' id='word_1_186' title='bbox 439 2276 565 2316; x_wconf 84' lang='lat' dir='ltr'>cognita</span> 
     </span>
     <span class='ocr_line' id='line_1_69' title="bbox 283 2332 600 2366; baseline 0 -1"><span class='ocrx_word' id='word_1_187' title='bbox 283 2332 355 2365; x_wconf 84' lang='lat' dir='ltr'>Jam</span> <span class='ocrx_word' id='word_1_188' title='bbox 380 2341 466 2364; x_wconf 81' lang='lat' dir='ltr'>nunc</span> <span class='ocrx_word' id='word_1_189' title='bbox 488 2336 600 2366; x_wconf 85' lang='lat' dir='ltr'>nostra</span> 
     </span>
    </p>

    <p class='ocr_par' dir='ltr' id='par_1_46' title="bbox 282 2383 441 2420">
     <span class='ocr_line' id='line_1_70' title="bbox 282 2383 441 2420; baseline 0 -8"><span class='ocrx_word' id='word_1_190' title='bbox 282 2383 316 2412; x_wconf 88' lang='lat' dir='ltr'>te</span> <span class='ocrx_word' id='word_1_191' title='bbox 339 2383 441 2420; x_wconf 66' lang='lat' dir='ltr'>rogat,</span> 
     </span>
    </p>

    <p class='ocr_par' dir='ltr' id='par_1_47' title="bbox 285 2429 662 2471">
     <span class='ocr_line' id='line_1_71' title="bbox 285 2429 662 2471; baseline -0.003 -8"><span class='ocrx_word' id='word_1_192' title='bbox 285 2429 422 2469; x_wconf 79' lang='lat' dir='ltr'>Christe,</span> <span class='ocrx_word' id='word_1_193' title='bbox 448 2439 511 2462; x_wconf 76' lang='lat' dir='ltr'>vox</span> <span class='ocrx_word' id='word_1_194' title='bbox 536 2439 662 2471; x_wconf 77' lang='lat' dir='ltr'>sonora,</span> 
     </span>
    </p>
   </div>
   <div class='ocr_carea' id='block_1_33' title="bbox 896 1216 956 1249">
    <p class='ocr_par' dir='ltr' id='par_1_48' title="bbox 896 1216 956 1249">
     <span class='ocr_line' id='line_1_72' title="bbox 896 1216 956 1249; baseline 0 0"><span class='ocrx_word' id='word_1_195' title='bbox 896 1216 956 1249; x_wconf 67' lang='lat' dir='ltr'>ab.</span> 
     </span>
    </p>
   </div>
   <div class='ocr_carea' id='block_1_34' title="bbox 895 1369 954 1404">
    <p class='ocr_par' dir='ltr' id='par_1_49' title="bbox 895 1369 954 1404">
     <span class='ocr_line' id='line_1_73' title="bbox 895 1369 954 1404; baseline 0.034 -3"><span class='ocrx_word' id='word_1_196' title='bbox 895 1369 954 1404; x_wconf 85' lang='lat' dir='ltr'>3b.</span> 
     </span>
    </p>
   </div>
   <div class='ocr_carea' id='block_1_35' title="bbox 894 1474 954 1508">
    <p class='ocr_par' dir='ltr' id='par_1_50' title="bbox 894 1474 954 1508">
     <span class='ocr_line' id='line_1_74' title="bbox 894 1474 954 1508; baseline 0 -1"><span class='ocrx_word' id='word_1_197' title='bbox 894 1474 954 1508; x_wconf 54' lang='lat' dir='ltr'>lb.</span> 
     </span>
    </p>
   </div>
   <div class='ocr_carea' id='block_1_36' title="bbox 895 1676 953 1708">
    <p class='ocr_par' dir='ltr' id='par_1_51' title="bbox 895 1676 953 1708">
     <span class='ocr_line' id='line_1_75' title="bbox 895 1676 953 1708; baseline 0.017 -1"><span class='ocrx_word' id='word_1_198' title='bbox 895 1676 953 1708; x_wconf 84' lang='lat' dir='ltr'>5b.</span> 
     </span>
    </p>
   </div>
   <div class='ocr_carea' id='block_1_37' title="bbox 895 1829 953 1862">
    <p class='ocr_par' dir='ltr' id='par_1_52' title="bbox 895 1829 953 1862">
     <span class='ocr_line' id='line_1_76' title="bbox 895 1829 953 1862; baseline 0 0"><span class='ocrx_word' id='word_1_199' title='bbox 895 1829 953 1862; x_wconf 89' lang='lat' dir='ltr'>6b.</span> 
     </span>
    </p>
   </div>
   <div class='ocr_carea' id='block_1_38' title="bbox 895 2030 952 2063">
    <p class='ocr_par' dir='ltr' id='par_1_53' title="bbox 895 2030 952 2063">
     <span class='ocr_line' id='line_1_77' title="bbox 895 2030 952 2063; baseline 0.018 -1"><span class='ocrx_word' id='word_1_200' title='bbox 895 2030 952 2063; x_wconf 87' lang='lat' dir='ltr'>7b.</span> 
     </span>
    </p>
   </div>
   <div class='ocr_carea' id='block_1_39' title="bbox 893 2183 952 2216">
    <p class='ocr_par' dir='ltr' id='par_1_54' title="bbox 893 2183 952 2216">
     <span class='ocr_line' id='line_1_78' title="bbox 893 2183 952 2216; baseline 0 0"><span class='ocrx_word' id='word_1_201' title='bbox 893 2183 952 2216; x_wconf 82' lang='lat' dir='ltr'>8b.</span> 
     </span>
    </p>
   </div>
   <div class='ocr_carea' id='block_1_40' title="bbox 893 2336 951 2372">
    <p class='ocr_par' dir='ltr' id='par_1_55' title="bbox 893 2336 951 2372">
     <span class='ocr_line' id='line_1_79' title="bbox 893 2336 951 2372; baseline 0.034 -3"><span class='ocrx_word' id='word_1_202' title='bbox 893 2336 951 2372; x_wconf 81' lang='lat' dir='ltr'>9b.</span> 
     </span>
    </p>
   </div>
   <div class='ocr_carea' id='block_1_41' title="bbox 976 1216 1361 1349">
    <p class='ocr_par' dir='ltr' id='par_1_56' title="bbox 976 1216 1361 1349">
     <span class='ocr_line' id='line_1_80' title="bbox 979 1216 1225 1256; baseline 0 -8"><span class='ocrx_word' id='word_1_203' title='bbox 979 1216 1055 1255; x_wconf 82' lang='lat' dir='ltr'>Ipse</span> <span class='ocrx_word' id='word_1_204' title='bbox 1079 1225 1225 1256; x_wconf 86' lang='lat' dir='ltr'>namque,</span> 
     </span>
     <span class='ocr_line' id='line_1_81' title="bbox 976 1264 1361 1305; baseline 0.005 -10"><span class='ocrx_word' id='word_1_205' title='bbox 976 1267 1012 1295; x_wconf 88' lang='lat' dir='ltr'>ut</span> <span class='ocrx_word' id='word_1_206' title='bbox 1037 1264 1156 1305; x_wconf 82' lang='lat' dir='ltr'>gaudia</span> <span class='ocrx_word' id='word_1_207' title='bbox 1179 1264 1361 1304; x_wconf 84' lang='lat' dir='ltr'>possideret</span> 
     </span>
     <span class='ocr_line' id='line_1_82' title="bbox 979 1312 1141 1349; baseline 0.019 -7"><span class='ocrx_word' id='word_1_208' title='bbox 979 1312 1141 1349; x_wconf 78' lang='lat' dir='ltr'>coelestia,</span> 
     </span>
    </p>
   </div>
   <div class='ocr_carea' id='block_1_42' title="bbox 977 1368 1290 1458">
    <p class='ocr_par' dir='ltr' id='par_1_57' title="bbox 977 1368 1290 1458">
     <span class='ocr_line' id='line_1_83' title="bbox 977 1368 1290 1411; baseline 0.003 -10"><span class='ocrx_word' id='word_1_209' title='bbox 977 1368 1085 1409; x_wconf 84' lang='lat' dir='ltr'>Digna</span> <span class='ocrx_word' id='word_1_210' title='bbox 1113 1369 1211 1402; x_wconf 84' lang='lat' dir='ltr'>donat</span> <span class='ocrx_word' id='word_1_211' title='bbox 1236 1370 1290 1411; x_wconf 91' lang='lat' dir='ltr'>qui</span> 
     </span>
     <span class='ocr_line' id='line_1_84' title="bbox 977 1418 1267 1458; baseline 0.007 -10"><span class='ocrx_word' id='word_1_212' title='bbox 977 1418 1096 1449; x_wconf 84' lang='lat' dir='ltr'>sanctis</span> <span class='ocrx_word' id='word_1_213' title='bbox 1121 1419 1267 1458; x_wconf 85' lang='lat' dir='ltr'>praemia</span> 
     </span>
    </p>
   </div>
   <div class='ocr_carea' id='block_1_43' title="bbox 976 1474 1298 1657">
    <p class='ocr_par' dir='ltr' id='par_1_58' title="bbox 976 1474 1298 1611">
     <span class='ocr_line' id='line_1_85' title="bbox 976 1474 1243 1516; baseline 0.004 -10"><span class='ocrx_word' id='word_1_214' title='bbox 976 1474 1085 1514; x_wconf 81' lang='lat' dir='ltr'>Atque</span> <span class='ocrx_word' id='word_1_215' title='bbox 1108 1478 1243 1516; x_wconf 83' lang='lat' dir='ltr'>precatu</span> 
     </span>
     <span class='ocr_line' id='line_1_86' title="bbox 977 1521 1298 1563; baseline 0.006 -11"><span class='ocrx_word' id='word_1_216' title='bbox 977 1521 1115 1563; x_wconf 84' lang='lat' dir='ltr'>benigno</span> <span class='ocrx_word' id='word_1_217' title='bbox 1143 1523 1298 1563; x_wconf 85' lang='lat' dir='ltr'>deposcat</span> 
     </span>
     <span class='ocr_line' id='line_1_87' title="bbox 977 1569 1129 1611; baseline 0.013 -10"><span class='ocrx_word' id='word_1_218' title='bbox 977 1569 1129 1611; x_wconf 84' lang='lat' dir='ltr'>suffragia</span> 
     </span>
    </p>

    <p class='ocr_par' dir='ltr' id='par_1_59' title="bbox 978 1618 1233 1657">
     <span class='ocr_line' id='line_1_88' title="bbox 978 1618 1233 1657; baseline 0.008 -9"><span class='ocrx_word' id='word_1_219' title='bbox 978 1618 1047 1657; x_wconf 81' lang='lat' dir='ltr'>ejus</span> <span class='ocrx_word' id='word_1_220' title='bbox 1071 1618 1233 1651; x_wconf 73' lang='lat' dir='ltr'>amabilia.</span> 
     </span>
    </p>
   </div>
   <div class='ocr_carea' id='block_1_44' title="bbox 976 1675 1508 1815">
    <p class='ocr_par' dir='ltr' id='par_1_60' title="bbox 976 1675 1508 1815">
     <span class='ocr_line' id='line_1_89' title="bbox 976 1675 1508 1718; baseline 0.008 -12"><span class='ocrx_word' id='word_1_221' title='bbox 976 1675 1076 1714; x_wconf 86' lang='lat' dir='ltr'>Quem</span> <span class='ocrx_word' id='word_1_222' title='bbox 1104 1676 1214 1717; x_wconf 86' lang='lat' dir='ltr'>proles</span> <span class='ocrx_word' id='word_1_223' title='bbox 1241 1677 1370 1718; x_wconf 85' lang='lat' dir='ltr'>quidem</span> <span class='ocrx_word' id='word_1_224' title='bbox 1397 1678 1508 1711; x_wconf 82' lang='lat' dir='ltr'>divina</span> 
     </span>
     <span class='ocr_line' id='line_1_90' title="bbox 979 1723 1423 1759; baseline 0.009 -5"><span class='ocrx_word' id='word_1_225' title='bbox 979 1723 1094 1755; x_wconf 83' lang='lat' dir='ltr'>dilexit</span> <span class='ocrx_word' id='word_1_226' title='bbox 1118 1724 1277 1757; x_wconf 83' lang='lat' dir='ltr'>charitate</span> <span class='ocrx_word' id='word_1_227' title='bbox 1301 1734 1423 1759; x_wconf 88' lang='lat' dir='ltr'>summa</span> 
     </span>
     <span class='ocr_line' id='line_1_91' title="bbox 977 1772 1482 1815; baseline 0.012 -13"><span class='ocrx_word' id='word_1_228' title='bbox 977 1772 1061 1804; x_wconf 84' lang='lat' dir='ltr'>stola</span> <span class='ocrx_word' id='word_1_229' title='bbox 1084 1773 1307 1813; x_wconf 69' lang='lat' dir='ltr'>praecinctum</span> <span class='ocrx_word' id='word_1_230' title='bbox 1325 1774 1482 1815; x_wconf 80' lang='lat' dir='ltr'>virginea.</span> 
     </span>
    </p>
   </div>
   <div class='ocr_carea' id='block_1_45' title="bbox 976 1828 1362 2016">
    <p class='ocr_par' dir='ltr' id='par_1_61' title="bbox 976 1828 1362 2016">
     <span class='ocr_line' id='line_1_92' title="bbox 976 1828 1207 1863; baseline 0.004 -1"><span class='ocrx_word' id='word_1_231' title='bbox 976 1828 1022 1862; x_wconf 81' lang='lat' dir='ltr'>Et</span> <span class='ocrx_word' id='word_1_232' title='bbox 1047 1829 1207 1863; x_wconf 87' lang='lat' dir='ltr'>dominica</span> 
     </span>
     <span class='ocr_line' id='line_1_93' title="bbox 977 1877 1251 1919; baseline 0.011 -11"><span class='ocrx_word' id='word_1_233' title='bbox 977 1877 1120 1916; x_wconf 80' lang='lat' dir='ltr'>repletus</span> <span class='ocrx_word' id='word_1_234' title='bbox 1146 1879 1251 1919; x_wconf 85' lang='lat' dir='ltr'>gratia</span> 
     </span>
     <span class='ocr_line' id='line_1_94' title="bbox 980 1924 1242 1967; baseline 0.011 -11"><span class='ocrx_word' id='word_1_235' title='bbox 980 1924 1108 1958; x_wconf 85' lang='lat' dir='ltr'>diffudit</span> <span class='ocrx_word' id='word_1_236' title='bbox 1133 1927 1242 1967; x_wconf 83' lang='lat' dir='ltr'>ampla</span> 
     </span>
     <span class='ocr_line' id='line_1_95' title="bbox 976 1975 1362 2016; baseline 0.013 -12"><span class='ocrx_word' id='word_1_237' title='bbox 976 1975 1135 2006; x_wconf 80' lang='lat' dir='ltr'>terrarum</span> <span class='ocrx_word' id='word_1_238' title='bbox 1160 1983 1221 2014; x_wconf 84' lang='lat' dir='ltr'>per</span> <span class='ocrx_word' id='word_1_239' title='bbox 1245 1975 1362 2016; x_wconf 84' lang='lat' dir='ltr'>spatia.</span> 
     </span>
    </p>
   </div>
   <div class='ocr_carea' id='block_1_46' title="bbox 974 2030 1324 2169">
    <p class='ocr_par' dir='ltr' id='par_1_62' title="bbox 974 2030 1324 2169">
     <span class='ocr_line' id='line_1_96' title="bbox 974 2030 1228 2072; baseline 0.012 -10"><span class='ocrx_word' id='word_1_240' title='bbox 974 2030 1084 2072; x_wconf 77' lang='lat' dir='ltr'>Novit,</span> <span class='ocrx_word' id='word_1_241' title='bbox 1113 2035 1228 2065; x_wconf 78' lang='lat' dir='ltr'>cuncta</span> 
     </span>
     <span class='ocr_line' id='line_1_97' title="bbox 977 2079 1061 2111; baseline 0 0"><span class='ocrx_word' id='word_1_242' title='bbox 977 2079 1061 2111; x_wconf 80' lang='lat' dir='ltr'>atria</span> 
     </span>
     <span class='ocr_line' id='line_1_98' title="bbox 975 2131 1324 2169; baseline 0.017 -12"><span class='ocrx_word' id='word_1_243' title='bbox 975 2131 1149 2167; x_wconf 87' lang='lat' dir='ltr'>penetrans</span> <span class='ocrx_word' id='word_1_244' title='bbox 1174 2138 1324 2169; x_wconf 83' lang='lat' dir='ltr'>superna.</span> 
     </span>
    </p>
   </div>
   <div class='ocr_carea' id='block_1_47' title="bbox 973 2183 1276 2316">
    <p class='ocr_par' dir='ltr' id='par_1_63' title="bbox 973 2183 1276 2316">
     <span class='ocr_line' id='line_1_99' title="bbox 973 2183 1253 2219; baseline 0.014 -4"><span class='ocrx_word' id='word_1_245' title='bbox 973 2183 1132 2218; x_wconf 83' lang='lat' dir='ltr'>Mundum</span> <span class='ocrx_word' id='word_1_246' title='bbox 1157 2186 1253 2219; x_wconf 80' lang='lat' dir='ltr'>beata</span> 
     </span>
     <span class='ocr_line' id='line_1_100' title="bbox 975 2232 1187 2266; baseline 0.014 -2"><span class='ocrx_word' id='word_1_247' title='bbox 975 2232 1187 2266; x_wconf 76' lang='lat' dir='ltr'>manifestans</span> 
     </span>
     <span class='ocr_line' id='line_1_101' title="bbox 975 2280 1276 2316; baseline 0.013 -4"><span class='ocrx_word' id='word_1_248' title='bbox 975 2280 1092 2313; x_wconf 75' lang='lat' dir='ltr'>imbuit</span> <span class='ocrx_word' id='word_1_249' title='bbox 1119 2281 1276 2316; x_wconf 87' lang='lat' dir='ltr'>doctrina.</span> 
     </span>
    </p>
   </div>
   <div class='ocr_carea' id='block_1_48' title="bbox 974 2336 1251 2470">
    <p class='ocr_par' dir='ltr' id='par_1_64' title="bbox 974 2336 1251 2470">
     <span class='ocr_line' id='line_1_102' title="bbox 974 2336 1138 2379; baseline 0.018 -9"><span class='ocrx_word' id='word_1_250' title='bbox 974 2336 1138 2379; x_wconf 75' lang='lat' dir='ltr'>suscipias</span> 
     </span>
     <span class='ocr_line' id='line_1_103' title="bbox 977 2387 1102 2420; baseline 0.016 -2"><span class='ocrx_word' id='word_1_251' title='bbox 977 2387 1102 2420; x_wconf 81' lang='lat' dir='ltr'>cantica</span> 
     </span>
     <span class='ocr_line' id='line_1_104' title="bbox 975 2434 1251 2470; baseline 0.018 -5"><span class='ocrx_word' id='word_1_252' title='bbox 975 2434 1036 2466; x_wconf 88' lang='lat' dir='ltr'>tibi</span> <span class='ocrx_word' id='word_1_253' title='bbox 1060 2436 1251 2470; x_wconf 84' lang='lat' dir='ltr'>ministrata.</span> 
     </span>
    </p>
   </div>
  </div>
 </body>
</html>
