1655 2637
668 97 928 135 —213-

135 190 181 220 81»
203 192 250 221 die
264 193 510 222 Schlussklausel.
531 211 569 216 -—
588 192 640 230 83,
662 194 681 223 2
703 199 841 232 peccator
854 197 891 232 B;
915 199 1049 233 precator
1063 197 1095 224 F.
1117 213 1155 217 —-
1174 197 1270 225 Keine
1282 204 1342 223 von
1356 194 1462 223 beiden

134 231 369 261 Handsehriften
388 235 535 261 neumiert
555 233 602 262 die
619 234 761 271 Sequenz,
784 235 831 263 die
844 235 868 263 F
887 235 1147 271 augenscheinlich
1163 243 1216 263 aus
1230 236 1254 263 B
1268 235 1388 270 kopiert
1399 234 1460 261 hat.

515 326 578 359 193.
609 327 644 358 In
664 327 770 360 Natali
792 328 895 360 sancti
915 328 1083 369 Stephano.

136 397 195 430 1a.
223 395 379 430 Gloriosa
403 396 470 430 dies
830 399 889 432 lb.
912 397 1008 432 Idem
1031 399 1124 432 ,Deus

221 445 324 485 adest,
352 454 415 485 qua
916 448 1063 480 conditor

218 493 375 532 processit
401 496 595 534 praepotens
910 495 1074 527 hominum
1098 493 1203 527 factus
1231 498 1278 526 est

220 549 260 572 ex
284 540 417 581 virginis
443 542 517 573 aula
911 543 1004 575 homo
1031 542 1083 575 die
1110 543 1183 585 ista,

134 599 193 631 23.
221 598 290 637 Qua
314 598 418 638 gloria
828 599 887 632 2b.
909 600 990 640 Regi
1014 602 1099 640 nato,

217 646 251 677 in
278 646 413 678 excelsis
440 649 570 679 cantant
913 656 1005 689 quem
1031 656 1156 689 quoque
1178 656 1241 679 vox
1267 651 1361 680 canat

218 697 330 726 sancta
355 695 482 734 agmina
908 696 1031 736 liquide
1055 698 1176 729 nostra.

133 752 189 785 3a.
217 750 293 791 Ipse
313 760 461 792 namque,
828 753 887 786 3⁷0.
909 753 1084 794 Praesepio

214 802 252 830 ut
278 802 407 831 curaret
430 802 542 833 nostra
909 801 987 842 poni
1011 811 1075 834 non
1102 801 1237 842 distulit,

215 845 360 880 facinora
387 850 418 879 et
441 851 586 888 peecata,
908 852 944 882 ut
970 850 1024 889 qui
1048 850 1141 890 panis
1167 849 1259 882 vivus
1286 851 1365 883 erat,

216 904 280 927 non
303 895 452 936 linquens
479 896 632 928 coelestia
909 896 1001 930 nobis
1029 898 1123 930 daret
1147 897 1277 938 pabula.

130 954 190 986 4a.
218 952 291 985 Jam
316 963 401 986 nunc
424 953 525 993 igitur
825 955 885 989 4b.
906 953 1030 987 Nostra
1055 957 1226 994 certantes,

215 1001 340 1033 alacres
365 1002 497 1034 laudum
907 1006 944 1034 ut
969 1003 1013 1034 sit
1034 1012 1118 1043 pura
1140 1010 1231 1034 mens

214 1047 356 1082 feramus
378 1050 561 1091 praeconia,
908 1053 1004 1090 atque
1031 1050 1237 1085 conscientia.

132 1107 188 1140 5a.
218 1107 242 1140 Ο
269 1107 364 1139 beate
825 1106 885 1142 5b.
908 1108 955 1140 Te
980 1117 1180 1148 quaesumus,

212 1157 434 1196 protomartyr
906 1159 943 1187 ut
966 1157 1125 1196 possimus

213 1202 385 1247 Stephane,
413 1203 502 1243 cujus
527 1203 626 1235 instat
906 1206 961 1236 tuo
985 1204 1118 1236 obtentu
1142 1203 1217 1237 fulti

211 1251 398 1283 solemnitas
423 1251 574 1292 gloriosa,
909 1252 995 1285 vitae
1019 1261 1146 1284 sumere
1170 1261 1301 1293 pascua.

131 1310 187 1342 6a.
215 1308 332 1341 Satiati
824 1308 883 1343 6b.
909 1309 976 1349 Quo
1000 1319 1179 1350 pangamus

213 1357 327 1397 quibus
353 1358 506 1390 adeamus
908 1356 986 1390 Sine
1009 1357 1074 1390 fine
1100 1358 1228 1391 Christo

215 1405 311 1446 digne
334 1406 455 1438 coelica
907 1407 983 1438 nato
1009 1406 1134 1446 virgine

216 1454 435 1488 contubernia.
906 1454 1070 1495 inviolata,

129 1512 185 1544 73.
211 1510 373 1552 Regnanti
825 1511 883 1545 7b.
906 1513 1056 1545 Potestas

215 1568 285 1591 cum
310 1562 405 1600 patre
430 1560 526 1593 simul
908 1559 958 1592 cui
983 1563 1015 1591 et
1039 1560 1142 1592 honor

212 1607 299 1640 orbis
325 1616 426 1649 regna
448 1616 509 1647 per
533 1608 650 1646 omnia,
908 1610 958 1640 est
981 1609 1015 1640 in
1041 1610 1173 1642 aeterna
1197 1610 1337 1643 saecula.

590 1667 621 1700 8.
647 1667 753 1698 Amen
780 1667 889 1699 dicant
915 1666 1031 1699 omnia.

202 1731 229 1758 A
255 1731 305 1760 fol.
333 1729 368 1759 61
398 1740 424 1759 3.
452 1746 493 1750 -
519 1732 544 1759 Β
571 1731 622 1759 fol.
646 1731 700 1761 155
722 1732 750 1760 b.
771 1746 809 1753 —-
831 1731 872 1760 Ca
891 1732 943 1761 fol.
965 1730 1002 1760 56
1024 1741 1051 1760 3.
1071 1747 1107 1751 -
1130 1733 1157 1761 D
1178 1732 1229 1761 fol.
1252 1731 1306 1762 151
1328 1742 1346 1761 a
1376 1750 1415 1754 —
1430 1734 1457 1763 E

125 1771 176 1798 fol.
197 1767 254 1798 236
278 1779 304 1798 a.
329 1785 365 1788 —
386 1771 411 1798 F
430 1770 481 1798 fol.
503 1769 540 1798 56
563 1778 589 1798 a.
610 1787 648 1791 —-
667 1772 696 1799 K
716 1771 766 1799 fol.
784 1768 839 1800 152
854 1772 884 1800 b.
902 1787 940 1791 —
953 1771 980 1798 L
999 1771 1050 1799 fol.
1067 1769 1121 1798 112
1137 1780 1162 1799 a.
1177 1786 1215 1792 ω-
1231 1772 1260 1800 N
1272 1773 1323 1801 fol.
1339 1770 1406 1800 132.
1420 1789 1460 1794 -—

126 1810 151 1838 O
171 1809 222 1838 fol.
246 1807 281 1837 18
302 1818 328 1837 a.
350 1823 388 1828 —
407 1809 429 1836 P
450 1809 501 1837 fol.
523 1807 560 1837 59
581 1817 608 1836 a.
627 1825 667 1830 —
687 1810 713 1844 Q
732 1810 782 1838 fol.
806 1808 861 1839 152
882 1811 910 1838 b.
927 1826 965 1831 -—
982 1808 1029 1846 13,
1053 1808 1067 1838 1
1085 1809 1220 1847 Sequenz
1237 1812 1292 1839 mit
1305 1811 1460 1848 dcppelter

123 1848 305 1876 Intonation.
326 1864 364 1868 ——
386 1847 437 1885 13,
460 1846 479 1875 2
500 1848 585 1876 adest
604 1848 680 1877 haee
700 1857 760 1884 qua
769 1849 830 1878 AF.
850 1865 889 1869 —
910 1848 962 1885 13,
981 1847 999 1876 2
1019 1852 1125 1886 potens
1137 1850 1226 1882 AEF,
1247 1849 1408 1887 korrigiert
1426 1853 1459 1879 in

124 1888 302 1961 ἷὶῗθὲοἷξῖἒ
316 1887 370 1954 {F
371 1902 448 1954 ’-“2
458 1886 522 1960 {fi
531 1886 619 1955 {1333
622 1896 697 1963 25}
709 1885 961 1965 &3¹32ssssssss
964 1886 1194 1962 'Pssssbbfffff
1197 1889 1406 1956 313³ssss
1420 1906 1459 1949 Ξ

122 1962 181 2000 211,
206 1963 223 1991 2
245 1967 292 1993 cui
314 1973 430 2002 quoque
449 1965 493 2001 D;
523 1974 612 2002 quam
632 1973 750 2003 quoque
770 1967 835 2001 BO3
863 1967 920 1994 hoc
941 1974 1058 2002 quoque
1080 1966 1147 2003 AF3
1175 1975 1235 1994 vox
1255 1969 1343 1995 canta
1365 1968 1398 1996 Ο.
1419 1984 1458 1988 —

123 2001 185 2039 21),
212 2001 231 2030 2
257 2013 304 2041 sq:
332 2006 473 2040 personet
498 2004 587 2033 simul
614 2013 673 2033 vox
694 2008 798 2033 nostra
816 2005 876 2033 AF.
897 2021 936 2025 —
954 2003 1011 2040 2b,
1040 2003 1059 2034 3
1077 2005 1224 2042 liquidem
1242 2007 1278 2034 L.
1298 2021 1335 2026 ——
1355 2004 1415 2041 33,
1441 2005 1456 2034 1

123 2051 242 2081 quoque
260 2043 298 2071 D.
327 2058 363 2062 -
390 2041 447 2079 3a,
475 2042 495 2071 4
521 2044 691 2081 relinquens
721 2045 863 2073 eoelestia
882 2044 924 2079 A3
946 2053 1006 2072 non
1029 2045 1200 2081 relinquens
1222 2045 1261 2073 D.
1287 2061 1327 2066 —-
1353 2043 1410 2079 31),
1438 2043 1456 2073 3

120 2084 209 2119 panis
226 2091 302 2111 unus
323 2082 360 2111 D.
382 2097 420 2101 —-
440 2082 525 2111 Nach
546 2082 602 2117 4a,
624 2080 642 2111 3
662 2082 790 2112 schaltet
807 2083 835 2112 E
857 2085 920 2111 ein:

354 2126 490 2163 Namque
509 2128 636 2163 petimus
657 2128 849 2163 incessanter,
871 2128 937 2156 dari
958 2128 1045 2156 nobis
1066 2127 1209 2165 suffragia

391 2168 420 2193 te
441 2164 571 2194 donante
589 2166 686 2202 nobis,
710 2166 836 2195 Christe.

119 2208 172 2246 41),
194 2206 213 2238 3
234 2211 264 2236 et
283 2210 466 2237 conscientia
485 2210 553 2245 A-Q
574 2210 673 2238 ausser
692 2211 724 2239 F.
749 2227 784 2231 —
806 2211 891 2240 Nach
910 2210 955 2239 4b
977 2211 1105 2240 schaltet
1124 2212 1151 2240 Ε
1173 2213 1234 2241 ein:

390 2249 561 2277 Praesentis
581 2250 663 2278 vitae
682 2258 777 2278 necne
796 2250 881 2286 polos
903 2250 1045 2279 scandere
1065 2250 1204 2288 florigera

429 2288 596 2316 sanctidica
614 2290 756 2325 praemia.

120 2328 171 2367 53,
193 2329 211 2359 2
232 2334 334 2360 sancte
353 2334 439 2368 pater
451 2331 486 2360 A.
510 2349 546 2352 —
566 2331 620 2366 53,
640 2330 659 2360 3
672 2333 804 2362 Domine
818 2332 854 2361 A.
879 2348 912 2352 —
935 2333 986 2368 5b,
1011 2334 1025 2363 1
1048 2335 1246 2372 Deposcimus
1262 2337 1295 2364 F.
1317 2350 1354 2355 —
1370 2336 1422 2368 51),
1438 2334 1456 2365 2

120 2372 150 2397 et
167 2372 318 2407 poscimus
331 2370 373 2407 A3
396 2374 426 2400 et
440 2373 569 2409 petimus
585 2371 648 2400 EF.
667 2386 707 2391 --
727 2371 779 2409 51),
800 2372 819 2401 4
839 2381 981 2410 pascuam
994 2374 1027 2402 F.
1051 2388 1086 2393 —-
1109 2373 1160 2411 63,
1182 2374 1198 2404 1
1222 2376 1336 2410 Quibus
1350 2377 1457 2404 saciati

117 2409 182 2446 ΑΕ,
200 2412 297 2438 saneti
310 2411 419 2447 quibus
429 2412 466 2440 D.
480 2428 518 2432 -
534 2410 584 2445 63,
601 2409 619 2440 3
632 2420 675 2449 sq.
694 2412 869 2450 angelorum
882 2414 1035 2441 consortia
1043 2413 1103 2442 AF.
1120 2429 1157 2433 —
1173 2414 1191 2443 6
1201 2415 1219 2443 b
1236 2414 1330 2442 lautet
1343 2415 1376 2442 in
1389 2415 1456 2444 AF:
