1655 2637
676 95 912 132 *63-

571 219 621 251 50.
642 217 735 251 Feria
755 219 847 251 sexta
865 218 1014 250 Paschae.

127 299 189 332 la.
215 298 300 332 Ecce
323 299 410 333 vicit.
826 299 887 332 1b.
908 299 1004 332 Mors

213 347 310 380 radix
334 347 454 389 David,
908 347 987 380 vicit
1010 351 1155 387 mortem,

216 396 266 427 leo
295 395 335 428 de
358 396 446 428 tribu
471 397 567 430 Juda.
910 399 941 427 et
966 404 1052 428 mors
1077 398 1189 428 nostra
1212 398 1259 427 est
1284 395 1360 427 vita.

126 464 187 496 2a.
215 461 303 494 Mira
328 461 416 495 bella
826 462 885 495 2b.
907 462 952 495 Ut
976 463 1116 495 moriens

214 512 311 550 atque
335 511 497 551 stupenda
520 511 599 544 satis
908 511 957 542 sie
977 513 1147 550 superaret
1169 509 1286 542 fortem

213 558 299 589 inter
325 566 433 590 omnes
459 559 620 600 victorias,
910 567 981 590 eum
1007 558 1127 591 callida
1151 557 1302 590 versutia.

128 626 192 659 321.
221 623 360 657 Domum
387 625 454 664 ejus
826 624 884 658 31).
906 624 1102 657 Drachmam
1127 632 1244 663 seeum,

213 673 379 712 ingressus
405 675 455 704 est
478 682 538 705 rex
561 677 711 705 aeternus
910 681 992 713 quae
1015 672 1168 713 perierat,
1195 672 1348 711 portavit,

215 723 247 752 et
271 720 413 753 Arverni
440 720 596 761 confregit
624 731 708 756 vasa.
910 725 940 752 et
966 718 1121 760 patefecit
1145 720 1236 761 regni
1261 719 1409 752 claustra.

126 789 188 820 421.
213 787 364 820 Paradisi
389 791 526 828 portam,
825 787 885 820 4b.
913 788 977 820 Per
1000 787 1123 827 lignum
1147 786 1281 818 vetitum

217 844 299 876 quae
326 835 435 867 clausa
455 835 561 869 fuerat
911 838 944 866 et
969 835 1095 875 culpam
1118 834 1259 877 letalem,

126 903 188 936 5a.
215 902 317 942 Quam
343 902 468 934 comisit
826 902 886 935 5b.
912 901 1108 941 Susceperat

213 950 444 992 protoplastus,
908 958 995 982 mors
1020 949 1213 989 indemnem,

215 998 373 1030 reseravit
910 1005 1002 1037 quem
1024 1001 1136 1028 tenere

216 1046 333 1077 dextra
357 1055 417 1085 per
442 1045 595 1084 stipitem,
908 1053 1071 1084 nunquam
1095 1046 1245 1084 potuerat

214 1093 409 1127 aetheream.
909 1096 1044 1132 propter
1070 1093 1208 1131 culpam.

126 1163 186 1195 621.
211 1160 298 1193 Dum
324 1159 438 1192 ambiit
465 1159 590 1202 inicita,
826 1159 884 1194 δῖ),
912 1159 1081 1198 Ampliare
1106 1159 1251 1191 voluerat

212 1217 294 1249 quae
319 1208 452 1239 tenebat
905 1207 939 1239 in
964 1214 1115 1239 successu

208 1257 296 1296 juste
318 1255 463 1296 perdidit
486 1256 654 1297 aequisita.
909 1258 941 1286 et
965 1255 1121 1287 remansit
1147 1257 1310 1287 evacuata.

127 1324 186 1357 Va.
213 1323 252 1355 In
279 1332 315 1354 se
339 1322 503 1355 refuscata
826 1322 883 1357 Ἠ).
905 1322 971 1354 Hie
993 1331 1086 1354 verus
1111 1325 1160 1354 est
1185 1330 1284 1362 agnus

213 1369 334 1403 defecit
907 1370 1032 1411 legalis,

213 1418 409 1461 extremitas,
909 1419 963 1458 qui
988 1418 1021 1450 in
1047 1417 1156 1450 multis

211 1471 249 1499 ut
273 1466 389 1507 quibus
414 1467 457 1500 ad
483 1467 583 1499 vitam
909 1475 945 1498 se
969 1464 1188 1498 manifestavit

214 1514 322 1547 fuerat
906 1513 1028 1555 figuris,

212 1563 348 1604 largitus
373 1563 547 1605 ingressus,
909 1563 1041 1595 tandem
1066 1571 1101 1594 se
1126 1571 1186 1602 pro
1212 1562 1331 1595 mundo

215 1611 352 1644 donaret
375 1615 407 1642 et
430 1620 595 1652 regressus
909 1611 1048 1643 hostiam
1075 1610 1166 1643 dedit
1192 1611 1290 1652 patri,

214 1658 257 1692 ad
284 1659 526 1699 percipiendam
552 1659 689 1693 veniam.
909 1663 943 1691 ut
969 1659 1145 1691 redimeret
1169 1658 1314 1691 membra
1338 1667 1405 1691 sua.

128 1728 187 1761 8a.
213 1725 279 1758 Hie
302 1726 387 1766 lapis
413 1729 463 1757 est
828 1726 886 1760 8b.
910 1725 983 1758 Jam
1009 1725 1114 1758 factus
1141 1731 1190 1757 est

213 1774 390 1815 angularis,
405 1782 499 1814 quem
511 1774 769 1815 reprobaverunt
910 1775 945 1806 in
971 1777 1068 1815 caput
1093 1775 1203 1815 anguli
1230 1783 1329 1815 super
1354 1782 1464 1807 omnes

214 1825 461 1856 constructores.
910 1823 944 1856 in
971 1822 1109 1855 excelso.

128 1892 187 1925 9a.
214 1890 361 1930 Regnum
385 1890 453 1930 ejus
476 1898 625 1930 magnum
830 1890 887 1925 9b.
912 1890 1049 1923 Manens
1072 1890 1107 1922 in
1132 1892 1298 1922 aeternum

214 1942 248 1970 et
271 1941 417 1979 potestas
440 1938 509 1977 ejus
535 1942 569 1970 et
593 1938 695 1971 honor
912 1947 971 1978 per
989 1940 1106 1971 cuncta
1121 1947 1249 1979 semper
1265 1939 1468 1971 saeculorum

594 2007 649 2041 10.
677 2006 801 2042 Saecla.
851 2007 967 2041 Amen.

203 2092 230 2119 A
256 2091 308 2120 fol.
336 2089 408 2120 48a.
434 2108 473 2112 ——
500 2092 524 2120 B
550 2092 600 2121 fol.
631 2090 719 2121 178a.
747 2109 785 2113 -—
811 2093 839 2122 Ε
865 2092 916 2122 fol.
946 2091 1000 2122 247
1010 2093 1038 2121 b.
1066 2106 1104 2112 —
1133 2091 1189 2120 Cfr.
1219 2091 1306 2120 Grad.
1335 2099 1389 2120 ms.
1415 2092 1468 2121 Ni-

125 2139 272 2159 vernense
300 2139 377 2159 saec.
407 2128 451 2159 11.
474 2131 544 2159 Cod.
564 2131 728 2160 Parisiens.
754 2130 831 2161 9449
856 2134 893 2160 Σ.
920 2148 958 2152 -
988 2130 1041 2167 lb,
1065 2130 1079 2159 1
1100 2132 1216 2160 Morsui
1236 2134 1270 2159 ut
1289 2134 1414 2159 mortem
1434 2132 1467 2160 B.

124 2169 262 2207 Sequenz
291 2172 347 2198 mit
373 2170 528 2207 doppelter
553 2171 741 2208 Intonation3
770 2172 822 2200 der
848 2171 1076 2200 Parallelismus
1100 2173 1133 2200 in
1153 2171 1231 2199 Text
1255 2170 1317 2198 und
1337 2170 1468 2199 Melodie

126 2209 252 2247 beginnt
279 2212 341 2237 erst
367 2209 444 2237 naeh
472 2210 524 2238 der
546 2210 734 2247 1nt0nati0n,
764 2210 812 2239 <lie
837 2210 931 2239 durch
957 2210 1095 2247 liegende
1112 2209 1224 2238 Sehm‘st
1242 2209 1399 2238 kenntlieh
1419 2218 1469 2246 ge-

124 2248 226 2276 macht
252 2250 300 2277 ist.
331 2263 366 2268 -—
394 2247 444 2284 22,
473 2247 492 2277 3
519 2250 648 2277 victoria
668 2249 705 2277 E.
731 2264 771 2269 —
797 2249 851 2284 3a,
876 2249 890 2278 1
917 2250 1034 2278 Bonum
1062 2250 1124 2286 ejus
1151 2249 1186 2277 B.
1205 2265 1245 2270 -—
1265 2247 1317 2283 3a,
1334 2246 1353 2277 3
1375 2251 1405 2276 et
1424 2250 1469 2277 in-

123 2287 202 2315 ferni
223 2289 260 2324 Σ,
283 2287 431 2325 confregit
449 2288 581 2317 claustra
596 2287 632 2316 E.
655 2303 690 2308 -—
714 2288 767 2325 42,
792 2289 805 2318 1
827 2292 915 2326 porta
933 2289 1022 2318 ABE.
1044 2305 1082 2310 -—
1103 2288 1158 2324 412,
1174 2286 1192 2316 2
1214 2288 1303 2324 eulpa
1322 2288 1414 2317 letale
1427 2288 1469 2322 Ei

124 2326 209 2355 letali
234 2327 275 2362 A;
301 2327 422 2355 letalem
443 2329 480 2354 Σ.
507 2342 545 2347 -
571 2327 657 2356 Nach
681 2325 735 2357 4b.
763 2328 852 2366 folgt:
881 2330 913 2357 in
932 2328 990 2357 hoe
1010 2337 1084 2356 aevo
1106 2327 1173 2363 BE,
1196 2330 1229 2356 in
1250 2329 1402 2365 primaevo
1424 2329 1456 2355 Σ
1461 2337 1467 2363 ;

123 2364 223 2394 dieses
250 2365 338 2395 Glied
363 2369 440 2395 stdrt
465 2366 522 2395 den
548 2367 775 2396 Parallelismus
802 2370 835 2396 in
860 2368 938 2397 Text
963 2367 1025 2396 und
1052 2365 1193 2396 Melodie.
1234 2367 1271 2394 In
1298 2367 1357 2394 ΑΣ
1380 2366 1470 2403 folgt:

124 2405 232 2440 Quem!
261 2405 411 2434 clauserat
430 2405 499 2434 Eva
527 2408 644 2435 tumens
675 2406 822 2435 conditori
842 2407 992 2435 clauserat
1013 2407 1127 2435 cunetis
1154 2403 1330 2443 [conditoris
1357 2408 1472 2435 reserat
