<?xml version="1.0" encoding="UTF-8"?>
<!DOCTYPE html PUBLIC "-//W3C//DTD XHTML 1.0 Transitional//EN"
    "http://www.w3.org/TR/xhtml1/DTD/xhtml1-transitional.dtd">
<html xmlns="http://www.w3.org/1999/xhtml" xml:lang="en" lang="en">
 <head>
  <title>
</title>
<meta http-equiv="Content-Type" content="text/html;charset=utf-8" />
  <meta name='ocr-system' content='tesseract 3.04.00' />
  <meta name='ocr-capabilities' content='ocr_page ocr_carea ocr_par ocr_line ocrx_word'/>
</head>
<body>
  <div class='ocr_page' id='page_1' title='image "./analectahymnica07drevuoft_00095.png"; bbox 0 0 1655 2637; ppageno 0'>
   <div class='ocr_carea' id='block_1_1' title="bbox 175 232 601 649">
    <p class='ocr_par' dir='ltr' id='par_1_1' title="bbox 175 232 601 649">
     <span class='ocr_line' id='line_1_1' title="bbox 175 232 601 272; baseline -0.007 -6"><span class='ocrx_word' id='word_1_1' title='bbox 175 234 233 266; x_wconf 68' lang='lat'>921.</span> <span class='ocrx_word' id='word_1_2' title='bbox 261 233 301 265; x_wconf 86' lang='lat' dir='ltr'>Iu</span> <span class='ocrx_word' id='word_1_3' title='bbox 325 232 410 265; x_wconf 89' lang='lat' dir='ltr'>ulnis</span> <span class='ocrx_word' id='word_1_4' title='bbox 434 233 601 272; x_wconf 82' lang='lat' dir='ltr'>imponens</span> 
     </span>
     <span class='ocr_line' id='line_1_2' title="bbox 258 283 413 322; baseline -0.006 -10"><span class='ocrx_word' id='word_1_5' title='bbox 258 283 413 322; x_wconf 77' lang='lat' dir='ltr'>reportat,</span> 
     </span>
     <span class='ocr_line' id='line_1_3' title="bbox 260 328 533 367; baseline -0.004 -7"><span class='ocrx_word' id='word_1_6' title='bbox 260 328 411 360; x_wconf 81' lang='lat' dir='ltr'>coelestia</span> <span class='ocrx_word' id='word_1_7' title='bbox 434 335 533 367; x_wconf 82' lang='lat' dir='ltr'>regna</span> 
     </span>
     <span class='ocr_line' id='line_1_4' title="bbox 258 375 462 419; baseline -0.005 -11"><span class='ocrx_word' id='word_1_8' title='bbox 258 375 462 419; x_wconf 73' lang='lat' dir='ltr'><strong>conlaudant,</strong></span> 
     </span>
     <span class='ocr_line' id='line_1_5' title="bbox 257 423 583 465; baseline 0 -9"><span class='ocrx_word' id='word_1_9' title='bbox 257 423 442 465; x_wconf 80' lang='lat' dir='ltr'>angelorum</span> <span class='ocrx_word' id='word_1_10' title='bbox 469 423 583 456; x_wconf 40' lang='lat' dir='ltr'>chora*</span> 
     </span>
     <span class='ocr_line' id='line_1_6' title="bbox 259 471 421 513; baseline 0 -10"><span class='ocrx_word' id='word_1_11' title='bbox 259 471 421 513; x_wconf 77' lang='lat' dir='ltr'>sublimat,</span> 
     </span>
     <span class='ocr_line' id='line_1_7' title="bbox 259 519 398 552; baseline 0 -1"><span class='ocrx_word' id='word_1_12' title='bbox 259 519 398 552; x_wconf 77' lang='lat' dir='ltr'>exsultat</span> 
     </span>
     <span class='ocr_line' id='line_1_8' title="bbox 256 567 425 600; baseline 0 -1"><span class='ocrx_word' id='word_1_13' title='bbox 256 567 425 600; x_wconf 83' lang='lat' dir='ltr'>modulans</span> 
     </span>
     <span class='ocr_line' id='line_1_9' title="bbox 257 616 570 649; baseline 0.003 -2"><span class='ocrx_word' id='word_1_14' title='bbox 257 618 382 648; x_wconf 83' lang='lat' dir='ltr'>secreta</span> <span class='ocrx_word' id='word_1_15' title='bbox 410 616 570 649; x_wconf 82' lang='lat' dir='ltr'>coelestia.</span> 
     </span>
    </p>
   </div>
   <div class='ocr_carea' id='block_1_2' title="bbox 718 132 958 169">
    <p class='ocr_par' dir='ltr' id='par_1_2' title="bbox 718 132 958 169">
     <span class='ocr_line' id='line_1_10' title="bbox 718 132 958 169; baseline 0.004 -12"><span class='ocrx_word' id='word_1_16' title='bbox 718 132 958 169; x_wconf 43' lang='lat' dir='ltr'>—ggffl</span> 
     </span>
    </p>
   </div>
   <div class='ocr_carea' id='block_1_3' title="bbox 868 231 926 266">
    <p class='ocr_par' dir='ltr' id='par_1_3' title="bbox 868 231 926 266">
     <span class='ocr_line' id='line_1_11' title="bbox 868 231 926 266; baseline -0.017 -1"><span class='ocrx_word' id='word_1_17' title='bbox 868 231 926 266; x_wconf 89' lang='lat' dir='ltr'>9b.</span> 
     </span>
    </p>
   </div>
   <div class='ocr_carea' id='block_1_4' title="bbox 945 230 1339 657">
    <p class='ocr_par' dir='ltr' id='par_1_4' title="bbox 945 230 1339 512">
     <span class='ocr_line' id='line_1_12' title="bbox 948 230 1339 271; baseline 0 -7"><span class='ocrx_word' id='word_1_18' title='bbox 948 230 1081 264; x_wconf 84' lang='lat' dir='ltr'>Laudat.</span> <span class='ocrx_word' id='word_1_19' title='bbox 1104 231 1339 271; x_wconf 77' lang='lat' dir='ltr'>prophetarum</span> 
     </span>
     <span class='ocr_line' id='line_1_13' title="bbox 949 287 1102 312; baseline -0.007 0"><span class='ocrx_word' id='word_1_20' title='bbox 949 287 1102 312; x_wconf 79' lang='lat' dir='ltr'>numerus</span> 
     </span>
     <span class='ocr_line' id='line_1_14' title="bbox 948 327 1242 368; baseline -0.003 -9"><span class='ocrx_word' id='word_1_21' title='bbox 948 327 1242 368; x_wconf 75' lang='lat' dir='ltr'>apostolorumque,</span> 
     </span>
     <span class='ocr_line' id='line_1_15' title="bbox 945 377 1136 415; baseline 0.005 -8"><span class='ocrx_word' id='word_1_22' title='bbox 945 377 1136 415; x_wconf 59' lang='lat' dir='ltr'>martyrum,</span> 
     </span>
     <span class='ocr_line' id='line_1_16' title="bbox 950 422 1333 465; baseline 0.005 -11"><span class='ocrx_word' id='word_1_23' title='bbox 950 422 1171 457; x_wconf 82' lang='lat' dir='ltr'>confessorum</span> <span class='ocrx_word' id='word_1_24' title='bbox 1195 432 1333 465; x_wconf 81' lang='lat' dir='ltr'>namque</span> 
     </span>
     <span class='ocr_line' id='line_1_17' title="bbox 947 471 1109 512; baseline 0.012 -9"><span class='ocrx_word' id='word_1_25' title='bbox 947 471 1109 512; x_wconf 66' lang='lat' dir='ltr'>visginum</span> 
     </span>
    </p>

    <p class='ocr_par' dir='ltr' id='par_1_5' title="bbox 947 519 1044 552">
     <span class='ocr_line' id='line_1_18' title="bbox 947 519 1044 552; baseline 0 -1"><span class='ocrx_word' id='word_1_26' title='bbox 947 519 1044 552; x_wconf 81' lang='lat' dir='ltr'>etiam</span> 
     </span>
    </p>

    <p class='ocr_par' dir='ltr' id='par_1_6' title="bbox 946 566 1320 657">
     <span class='ocr_line' id='line_1_19' title="bbox 946 566 1123 609; baseline 0 -9"><span class='ocrx_word' id='word_1_27' title='bbox 946 566 1123 609; x_wconf 78' lang='lat' dir='ltr'>simulque·</span> 
     </span>
     <span class='ocr_line' id='line_1_20' title="bbox 946 617 1320 657; baseline 0.005 -9"><span class='ocrx_word' id='word_1_28' title='bbox 946 624 1156 656; x_wconf 83' lang='lat' dir='ltr'>supernorum</span> <span class='ocrx_word' id='word_1_29' title='bbox 1184 617 1320 657; x_wconf 78' lang='lat' dir='ltr'>agmina.</span> 
     </span>
    </p>
   </div>
   <div class='ocr_carea' id='block_1_5' title="bbox 634 673 983 715">
    <p class='ocr_par' dir='ltr' id='par_1_7' title="bbox 634 673 983 715">
     <span class='ocr_line' id='line_1_21' title="bbox 634 673 983 715; baseline -0.006 -8"><span class='ocrx_word' id='word_1_30' title='bbox 634 676 651 707; x_wconf 83' lang='lat'>1</span> <span class='ocrx_word' id='word_1_31' title='bbox 658 676 688 708; x_wconf 91' lang='grc' dir='ltr'>Ο.</span> <span class='ocrx_word' id='word_1_32' title='bbox 716 673 983 715; x_wconf 74' lang='lat' dir='ltr'>Gongratulantes</span> 
     </span>
    </p>
   </div>
   <div class='ocr_carea' id='block_1_6' title="bbox 714 721 1017 763">
    <p class='ocr_par' dir='ltr' id='par_1_8' title="bbox 714 721 1017 763">
     <span class='ocr_line' id='line_1_22' title="bbox 714 721 1017 763; baseline -0.003 -9"><span class='ocrx_word' id='word_1_33' title='bbox 714 731 772 754; x_wconf 82' lang='lat' dir='ltr'>nos</span> <span class='ocrx_word' id='word_1_34' title='bbox 799 723 850 763; x_wconf 83' lang='lat' dir='ltr'>eja</span> <span class='ocrx_word' id='word_1_35' title='bbox 875 721 1017 754; x_wconf 77' lang='lat' dir='ltr'>dicamus</span> 
     </span>
    </p>
   </div>
   <div class='ocr_carea' id='block_1_7' title="bbox 716 770 962 802">
    <p class='ocr_par' dir='ltr' id='par_1_9' title="bbox 716 770 962 802">
     <span class='ocr_line' id='line_1_23' title="bbox 716 770 962 802; baseline 0.004 -1"><span class='ocrx_word' id='word_1_36' title='bbox 716 770 811 802; x_wconf 84' lang='lat' dir='ltr'>simul</span> <span class='ocrx_word' id='word_1_37' title='bbox 836 778 944 802; x_wconf 84' lang='lat' dir='ltr'>omnes</span> <span class='ocrx_word' id='word_1_38' title='bbox 955 779 962 802; x_wconf 88' lang='lat'>:</span> 
     </span>
    </p>
   </div>
   <div class='ocr_carea' id='block_1_8' title="bbox 710 817 1069 858">
    <p class='ocr_par' dir='ltr' id='par_1_10' title="bbox 710 817 1069 858">
     <span class='ocr_line' id='line_1_24' title="bbox 710 817 1069 858; baseline 0.003 -8"><span class='ocrx_word' id='word_1_39' title='bbox 710 817 780 850; x_wconf 89' lang='lat' dir='ltr'>Deo</span> <span class='ocrx_word' id='word_1_40' title='bbox 805 817 867 850; x_wconf 86' lang='lat' dir='ltr'>tibi</span> <span class='ocrx_word' id='word_1_41' title='bbox 890 818 934 850; x_wconf 83' lang='lat' dir='ltr'>sit</span> <span class='ocrx_word' id='word_1_42' title='bbox 956 818 1069 858; x_wconf 84' lang='lat' dir='ltr'>gloria.</span> 
     </span>
    </p>
   </div>
   <div class='ocr_carea' id='block_1_9' title="bbox 244 871 1496 910">
    <p class='ocr_par' dir='ltr' id='par_1_11' title="bbox 244 871 1496 910">
     <span class='ocr_line' id='line_1_25' title="bbox 244 871 1496 910; baseline 0 -9"><span class='ocrx_word' id='word_1_43' title='bbox 244 873 269 900; x_wconf 87' lang='lat' dir='ltr'>B</span> <span class='ocrx_word' id='word_1_44' title='bbox 290 874 340 902; x_wconf 70' lang='lat' dir='ltr'>fol.</span> <span class='ocrx_word' id='word_1_45' title='bbox 362 872 454 902; x_wconf 60' lang='lat'>1631„</span> <span class='ocrx_word' id='word_1_46' title='bbox 473 889 512 893; x_wconf 90' lang='lat'>—</span> <span class='ocrx_word' id='word_1_47' title='bbox 533 874 576 903; x_wconf 77' lang='lat' dir='ltr'>Ca</span> <span class='ocrx_word' id='word_1_48' title='bbox 594 875 645 902; x_wconf 75' lang='lat' dir='ltr'>ful.</span> <span class='ocrx_word' id='word_1_49' title='bbox 665 873 739 904; x_wconf 67' lang='lat'>8012.</span> <span class='ocrx_word' id='word_1_50' title='bbox 759 890 795 894; x_wconf 90' lang='lat'><strong>—</strong></span> <span class='ocrx_word' id='word_1_51' title='bbox 817 874 869 910; x_wconf 66' lang='lat'>212,</span> <span class='ocrx_word' id='word_1_52' title='bbox 890 873 909 901; x_wconf 84' lang='lat'>2</span> <span class='ocrx_word' id='word_1_53' title='bbox 929 874 1029 903; x_wconf 77' lang='lat' dir='ltr'>saecla</span> <span class='ocrx_word' id='word_1_54' title='bbox 1049 875 1082 902; x_wconf 89' lang='lat' dir='ltr'>B.</span> <span class='ocrx_word' id='word_1_55' title='bbox 1102 890 1140 894; x_wconf 90' lang='lat'>——</span> <span class='ocrx_word' id='word_1_56' title='bbox 1160 873 1215 902; x_wconf 76' lang='lat' dir='ltr'>3a.</span> <span class='ocrx_word' id='word_1_57' title='bbox 1235 871 1254 900; x_wconf 81' lang='lat'>2</span> <span class='ocrx_word' id='word_1_58' title='bbox 1273 874 1388 902; x_wconf 69' lang='lat' dir='ltr'>Divina</span> <span class='ocrx_word' id='word_1_59' title='bbox 1408 873 1496 901; x_wconf 64' lang='lat' dir='ltr'>nubi÷</span> 
     </span>
    </p>
   </div>
   <div class='ocr_carea' id='block_1_10' title="bbox 168 912 243 940">
    <p class='ocr_par' dir='ltr' id='par_1_12' title="bbox 168 912 243 940">
     <span class='ocr_line' id='line_1_26' title="bbox 168 912 243 940; baseline -0.013 0"><span class='ocrx_word' id='word_1_60' title='bbox 168 912 243 940; x_wconf 73' lang='lat' dir='ltr'>dans</span> 
     </span>
    </p>
   </div>
   <div class='ocr_carea' id='block_1_11' title="bbox 271 911 1495 949">
    <p class='ocr_par' dir='ltr' id='par_1_13' title="bbox 271 911 1495 949">
     <span class='ocr_line' id='line_1_27' title="bbox 271 911 1495 949; baseline -0.001 -9"><span class='ocrx_word' id='word_1_61' title='bbox 271 913 371 948; x_wconf 78' lang='lat' dir='ltr'>grafia</span> <span class='ocrx_word' id='word_1_62' title='bbox 395 912 472 941; x_wconf 78' lang='lat' dir='ltr'>an.</span> <span class='ocrx_word' id='word_1_63' title='bbox 492 928 530 932; x_wconf 87' lang='lat'>—-</span> <span class='ocrx_word' id='word_1_64' title='bbox 551 913 606 947; x_wconf 68' lang='lat'>43,</span> <span class='ocrx_word' id='word_1_65' title='bbox 634 912 649 941; x_wconf 86' lang='lat'><strong>1</strong></span> <span class='ocrx_word' id='word_1_66' title='bbox 674 915 756 942; x_wconf 82' lang='lat' dir='ltr'>faeta</span> <span class='ocrx_word' id='word_1_67' title='bbox 780 913 856 942; x_wconf 71' lang='lat' dir='ltr'>Rea.</span> <span class='ocrx_word' id='word_1_68' title='bbox 877 928 916 933; x_wconf 91' lang='lat'>-—-</span> <span class='ocrx_word' id='word_1_69' title='bbox 935 913 995 946; x_wconf 79' lang='lat' dir='ltr'>4a,</span> <span class='ocrx_word' id='word_1_70' title='bbox 1022 911 1039 939; x_wconf 69' lang='lat'>‘2</span> <span class='ocrx_word' id='word_1_71' title='bbox 1067 913 1253 949; x_wconf 71' lang='lat' dir='ltr'>protoplasta</span> <span class='ocrx_word' id='word_1_72' title='bbox 1272 913 1306 940; x_wconf 87' lang='lat' dir='ltr'>B.</span> <span class='ocrx_word' id='word_1_73' title='bbox 1326 926 1365 932; x_wconf 74' lang='lat'>—</span> <span class='ocrx_word' id='word_1_74' title='bbox 1391 911 1450 947; x_wconf 69' lang='lat'>41»,</span> <span class='ocrx_word' id='word_1_75' title='bbox 1481 911 1495 939; x_wconf 89' lang='lat'>1</span> 
     </span>
    </p>
   </div>
   <div class='ocr_carea' id='block_1_12' title="bbox 167 948 1499 1065">
    <p class='ocr_par' dir='ltr' id='par_1_14' title="bbox 167 948 1499 1065">
     <span class='ocr_line' id='line_1_28' title="bbox 171 948 1499 987; baseline 0.001 -9"><span class='ocrx_word' id='word_1_76' title='bbox 171 952 326 979; x_wconf 76' lang='lat' dir='ltr'>saevitiam</span> <span class='ocrx_word' id='word_1_77' title='bbox 344 951 422 979; x_wconf 82' lang='lat' dir='ltr'>BCa.</span> <span class='ocrx_word' id='word_1_78' title='bbox 443 966 480 971; x_wconf 87' lang='lat'>——</span> <span class='ocrx_word' id='word_1_79' title='bbox 499 950 551 983; x_wconf 71' lang='lat'>41),</span> <span class='ocrx_word' id='word_1_80' title='bbox 574 951 592 980; x_wconf 79' lang='lat'><em>2</em></span> <span class='ocrx_word' id='word_1_81' title='bbox 611 952 731 981; x_wconf 78' lang='lat' dir='ltr'>mulieri</span> <span class='ocrx_word' id='word_1_82' title='bbox 752 952 831 981; x_wconf 86' lang='lat' dir='ltr'>BCa.</span> <span class='ocrx_word' id='word_1_83' title='bbox 849 968 889 972; x_wconf 91' lang='lat'>—</span> <span class='ocrx_word' id='word_1_84' title='bbox 908 950 962 987; x_wconf 63' lang='lat'>412,</span> <span class='ocrx_word' id='word_1_85' title='bbox 985 950 1005 979; x_wconf 83' lang='lat'>4</span> <span class='ocrx_word' id='word_1_86' title='bbox 1023 953 1148 979; x_wconf 74' lang='lat' dir='ltr'>vetitum</span> <span class='ocrx_word' id='word_1_87' title='bbox 1164 951 1242 979; x_wconf 87' lang='lat' dir='ltr'>BCa.</span> <span class='ocrx_word' id='word_1_88' title='bbox 1261 965 1301 970; x_wconf 91' lang='lat'>—-—</span> <span class='ocrx_word' id='word_1_89' title='bbox 1321 948 1373 985; x_wconf 69' lang='lat'>621,</span> <span class='ocrx_word' id='word_1_90' title='bbox 1394 948 1413 978; x_wconf 87' lang='lat'><strong>3</strong></span> <span class='ocrx_word' id='word_1_91' title='bbox 1432 951 1499 979; x_wconf 77' lang='lat' dir='ltr'>uni-</span> 
     </span>
     <span class='ocr_line' id='line_1_29' title="bbox 167 987 1496 1026; baseline 0 -10"><span class='ocrx_word' id='word_1_92' title='bbox 167 997 255 1017; x_wconf 81' lang='lat' dir='ltr'>versa</span> <span class='ocrx_word' id='word_1_93' title='bbox 273 990 306 1017; x_wconf 79' lang='lat' dir='ltr'>B.</span> <span class='ocrx_word' id='word_1_94' title='bbox 329 1004 365 1009; x_wconf 96' lang='lat'>-—</span> <span class='ocrx_word' id='word_1_95' title='bbox 385 989 437 1023; x_wconf 75' lang='lat'>7³,</span> <span class='ocrx_word' id='word_1_96' title='bbox 459 988 477 1018; x_wconf 78' lang='lat'>2</span> <span class='ocrx_word' id='word_1_97' title='bbox 492 990 626 1026; x_wconf 81' lang='lat' dir='ltr'>jubilant</span> <span class='ocrx_word' id='word_1_98' title='bbox 644 991 722 1019; x_wconf 87' lang='lat' dir='ltr'>BCa.</span> <span class='ocrx_word' id='word_1_99' title='bbox 741 1006 782 1011; x_wconf 84' lang='lat'><strong>—</strong></span> <span class='ocrx_word' id='word_1_100' title='bbox 800 991 851 1025; x_wconf 63' lang='lat'>7³7</span> <span class='ocrx_word' id='word_1_101' title='bbox 871 989 893 1018; x_wconf 87' lang='lat'>4</span> <span class='ocrx_word' id='word_1_102' title='bbox 910 993 1031 1018; x_wconf 83' lang='lat' dir='ltr'>resonat</span> <span class='ocrx_word' id='word_1_103' title='bbox 1052 989 1101 1018; x_wconf 79' lang='lat' dir='ltr'>Ca.</span> <span class='ocrx_word' id='word_1_104' title='bbox 1123 1006 1160 1010; x_wconf 87' lang='lat'>-—</span> <span class='ocrx_word' id='word_1_105' title='bbox 1181 987 1233 1020; x_wconf 70' lang='lat'>81).</span> <span class='ocrx_word' id='word_1_106' title='bbox 1254 987 1273 1016; x_wconf 83' lang='lat'>2</span> <span class='ocrx_word' id='word_1_107' title='bbox 1294 989 1387 1017; x_wconf 75' lang='lat' dir='ltr'>Ovem</span> <span class='ocrx_word' id='word_1_108' title='bbox 1409 997 1496 1026; x_wconf 87' lang='lat' dir='ltr'>quem</span> 
     </span>
     <span class='ocr_line' id='line_1_30' title="bbox 168 1026 1497 1065; baseline 0.001 -11"><span class='ocrx_word' id='word_1_109' title='bbox 168 1028 202 1055; x_wconf 89' lang='lat' dir='ltr'>B.</span> <span class='ocrx_word' id='word_1_110' title='bbox 224 1042 261 1046; x_wconf 92' lang='lat'><strong>—</strong></span> <span class='ocrx_word' id='word_1_111' title='bbox 283 1026 332 1062; x_wconf 60' lang='lat'>951,</span> <span class='ocrx_word' id='word_1_112' title='bbox 347 1026 367 1055; x_wconf 88' lang='lat'>4</span> <span class='ocrx_word' id='word_1_113' title='bbox 386 1029 559 1057; x_wconf 81' lang='lat' dir='ltr'>collaudans</span> <span class='ocrx_word' id='word_1_114' title='bbox 573 1029 622 1057; x_wconf 83' lang='lat' dir='ltr'>Ca.</span> <span class='ocrx_word' id='word_1_115' title='bbox 643 1046 681 1050; x_wconf 89' lang='lat'><strong>—</strong></span> <span class='ocrx_word' id='word_1_116' title='bbox 701 1029 751 1065; x_wconf 81' lang='lat' dir='ltr'>9a,</span> <span class='ocrx_word' id='word_1_117' title='bbox 771 1027 791 1058; x_wconf 84' lang='lat'>8</span> <span class='ocrx_word' id='word_1_118' title='bbox 810 1029 944 1057; x_wconf 73' lang='lat' dir='ltr'>modulat</span> <span class='ocrx_word' id='word_1_119' title='bbox 954 1028 987 1057; x_wconf 89' lang='lat' dir='ltr'>B.</span> <span class='ocrx_word' id='word_1_120' title='bbox 1009 1044 1046 1048; x_wconf 97' lang='lat'>—</span> <span class='ocrx_word' id='word_1_121' title='bbox 1068 1026 1111 1059; x_wconf 79' lang='lat'>10,</span> <span class='ocrx_word' id='word_1_122' title='bbox 1129 1027 1144 1055; x_wconf 87' lang='lat'>1</span> <span class='ocrx_word' id='word_1_123' title='bbox 1165 1026 1204 1056; x_wconf 88' lang='lat'>-3</span> <span class='ocrx_word' id='word_1_124' title='bbox 1224 1028 1347 1064; x_wconf 67' lang='lat' dir='ltr'>Nosque</span> <span class='ocrx_word' id='word_1_125' title='bbox 1362 1027 1497 1056; x_wconf 77' lang='lat' dir='ltr'>clientuli</span> 
     </span>
    </p>
   </div>
   <div class='ocr_carea' id='block_1_13' title="bbox 167 1067 834 1101">
    <p class='ocr_par' dir='ltr' id='par_1_15' title="bbox 167 1067 834 1101">
     <span class='ocr_line' id='line_1_31' title="bbox 167 1067 834 1101; baseline 0.004 -8"><span class='ocrx_word' id='word_1_126' title='bbox 167 1067 407 1101; x_wconf 82' lang='lat' dir='ltr'>congratulanter</span> <span class='ocrx_word' id='word_1_127' title='bbox 425 1075 486 1095; x_wconf 88' lang='lat' dir='ltr'>una</span> <span class='ocrx_word' id='word_1_128' title='bbox 506 1068 638 1096; x_wconf 67' lang='lat' dir='ltr'>dieamus</span> <span class='ocrx_word' id='word_1_129' title='bbox 661 1077 762 1096; x_wconf 84' lang='lat' dir='ltr'>omnes</span> <span class='ocrx_word' id='word_1_130' title='bbox 784 1069 834 1096; x_wconf 87' lang='lat' dir='ltr'>Ca.</span> 
     </span>
    </p>
   </div>
   <div class='ocr_carea' id='block_1_14' title="bbox 613 1141 1068 1174">
    <p class='ocr_par' dir='ltr' id='par_1_16' title="bbox 613 1141 1068 1174">
     <span class='ocr_line' id='line_1_32' title="bbox 613 1141 1068 1174; baseline 0 -2"><span class='ocrx_word' id='word_1_131' title='bbox 613 1142 659 1174; x_wconf 73' lang='lat'>76.</span> <span class='ocrx_word' id='word_1_132' title='bbox 697 1142 734 1174; x_wconf 86' lang='lat'>111</span> <span class='ocrx_word' id='word_1_133' title='bbox 754 1142 836 1174; x_wconf 82' lang='lat' dir='ltr'>festo</span> <span class='ocrx_word' id='word_1_134' title='bbox 857 1141 1068 1173; x_wconf 72' lang='lat' dir='ltr'>Pentecostes.</span> 
     </span>
    </p>
   </div>
   <div class='ocr_carea' id='block_1_15' title="bbox 275 1196 678 1582">
    <p class='ocr_par' dir='ltr' id='par_1_17' title="bbox 276 1196 599 1325">
     <span class='ocr_line' id='line_1_33' title="bbox 276 1196 599 1231; baseline 0.006 -2"><span class='ocrx_word' id='word_1_135' title='bbox 276 1196 449 1230; x_wconf 79' lang='lat' dir='ltr'>Laudiflua</span> <span class='ocrx_word' id='word_1_136' title='bbox 474 1198 599 1231; x_wconf 81' lang='lat' dir='ltr'>cantica</span> 
     </span>
     <span class='ocr_line' id='line_1_34' title="bbox 278 1246 582 1279; baseline 0.007 -2"><span class='ocrx_word' id='word_1_137' title='bbox 278 1246 333 1277; x_wconf 82' lang='lat' dir='ltr'>(let</span> <span class='ocrx_word' id='word_1_138' title='bbox 355 1254 445 1277; x_wconf 81' lang='lat' dir='ltr'>mens</span> <span class='ocrx_word' id='word_1_139' title='bbox 468 1249 582 1279; x_wconf 72' lang='lat' dir='ltr'>nostra</span> 
     </span>
     <span class='ocr_line' id='line_1_35' title="bbox 276 1293 489 1325; baseline 0 0"><span class='ocrx_word' id='word_1_140' title='bbox 276 1293 489 1325; x_wconf 80' lang='lat' dir='ltr'>sacratissima</span> 
     </span>
    </p>

    <p class='ocr_par' dir='ltr' id='par_1_18' title="bbox 275 1340 678 1526">
     <span class='ocr_line' id='line_1_36' title="bbox 275 1340 678 1381; baseline 0.005 -9"><span class='ocrx_word' id='word_1_141' title='bbox 275 1350 335 1381; x_wconf 86' lang='lat' dir='ltr'>per</span> <span class='ocrx_word' id='word_1_142' title='bbox 358 1341 439 1373; x_wconf 81' lang='lat' dir='ltr'>haec</span> <span class='ocrx_word' id='word_1_143' title='bbox 463 1340 547 1373; x_wconf 79' lang='lat' dir='ltr'>festa</span> <span class='ocrx_word' id='word_1_144' title='bbox 572 1351 678 1374; x_wconf 81' lang='lat' dir='ltr'>annua</span> 
     </span>
     <span class='ocr_line' id='line_1_37' title="bbox 276 1389 581 1422; baseline 0.003 -1"><span class='ocrx_word' id='word_1_145' title='bbox 276 1389 380 1421; x_wconf 82' lang='lat' dir='ltr'>sancti</span> <span class='ocrx_word' id='word_1_146' title='bbox 403 1389 581 1422; x_wconf 82' lang='lat' dir='ltr'>illuminata</span> 
     </span>
     <span class='ocr_line' id='line_1_38' title="bbox 275 1436 649 1477; baseline 0.003 -9"><span class='ocrx_word' id='word_1_147' title='bbox 275 1436 381 1477; x_wconf 84' lang='lat' dir='ltr'>gratia</span> <span class='ocrx_word' id='word_1_148' title='bbox 404 1436 536 1477; x_wconf 79' lang='lat' dir='ltr'>spiritus</span> <span class='ocrx_word' id='word_1_149' title='bbox 561 1446 649 1471; x_wconf 80' lang='lat' dir='ltr'>vera.</span> 
     </span>
     <span class='ocr_line' id='line_1_39' title="bbox 277 1493 445 1526; baseline 0.006 -1"><span class='ocrx_word' id='word_1_150' title='bbox 277 1493 445 1526; x_wconf 78' lang='lat' dir='ltr'>Hodierna</span> 
     </span>
    </p>

    <p class='ocr_par' dir='ltr' id='par_1_19' title="bbox 278 1541 533 1582">
     <span class='ocr_line' id='line_1_40' title="bbox 278 1541 533 1582; baseline 0.004 -9"><span class='ocrx_word' id='word_1_151' title='bbox 278 1541 391 1574; x_wconf 77' lang='lat' dir='ltr'>salutis</span> <span class='ocrx_word' id='word_1_152' title='bbox 415 1542 533 1582; x_wconf 80' lang='lat' dir='ltr'>gaudia</span> 
     </span>
    </p>
   </div>
   <div class='ocr_carea' id='block_1_16' title="bbox 195 1198 250 1230">
    <p class='ocr_par' dir='ltr' id='par_1_20' title="bbox 195 1198 250 1230">
     <span class='ocr_line' id='line_1_41' title="bbox 195 1198 250 1230; baseline -0.018 0"><span class='ocrx_word' id='word_1_153' title='bbox 195 1198 250 1230; x_wconf 88' lang='lat' dir='ltr'>1a.</span> 
     </span>
    </p>
   </div>
   <div class='ocr_carea' id='block_1_17' title="bbox 193 1495 250 1527">
    <p class='ocr_par' dir='ltr' id='par_1_21' title="bbox 193 1495 250 1527">
     <span class='ocr_line' id='line_1_42' title="bbox 193 1495 250 1527; baseline -0.035 0"><span class='ocrx_word' id='word_1_154' title='bbox 193 1495 250 1527; x_wconf 76' lang='lat' dir='ltr'>Za.</span> 
     </span>
    </p>
   </div>
   <div class='ocr_carea' id='block_1_18' title="bbox 885 1198 943 1231">
    <p class='ocr_par' dir='ltr' id='par_1_22' title="bbox 885 1198 943 1231">
     <span class='ocr_line' id='line_1_43' title="bbox 885 1198 943 1231; baseline -0.017 0"><span class='ocrx_word' id='word_1_155' title='bbox 885 1198 943 1231; x_wconf 88' lang='lat' dir='ltr'>1b.</span> 
     </span>
    </p>
   </div>
   <div class='ocr_carea' id='block_1_19' title="bbox 883 1494 945 1529">
    <p class='ocr_par' dir='ltr' id='par_1_23' title="bbox 883 1494 945 1529">
     <span class='ocr_line' id='line_1_44' title="bbox 883 1494 945 1529; baseline 0.032 -2"><span class='ocrx_word' id='word_1_156' title='bbox 883 1494 945 1529; x_wconf 71' lang='lat' dir='ltr'>ab.</span> 
     </span>
    </p>
   </div>
   <div class='ocr_carea' id='block_1_20' title="bbox 274 1590 756 1630">
    <p class='ocr_par' dir='ltr' id='par_1_24' title="bbox 274 1590 756 1630">
     <span class='ocr_line' id='line_1_45' title="bbox 274 1590 756 1630; baseline 0.004 -9"><span class='ocrx_word' id='word_1_157' title='bbox 274 1599 334 1629; x_wconf 86' lang='lat' dir='ltr'>per</span> <span class='ocrx_word' id='word_1_158' title='bbox 358 1591 466 1630; x_wconf 81' lang='lat' dir='ltr'>ampla</span> <span class='ocrx_word' id='word_1_159' title='bbox 489 1590 601 1623; x_wconf 87' lang='lat' dir='ltr'>mundi</span> <span class='ocrx_word' id='word_1_160' title='bbox 626 1591 756 1624; x_wconf 82' lang='lat' dir='ltr'>climata</span> 
     </span>
    </p>
   </div>
   <div class='ocr_carea' id='block_1_21' title="bbox 274 1638 523 1767">
    <p class='ocr_par' dir='ltr' id='par_1_25' title="bbox 274 1638 523 1767">
     <span class='ocr_line' id='line_1_46' title="bbox 281 1638 523 1678; baseline 0 -8"><span class='ocrx_word' id='word_1_161' title='bbox 281 1638 358 1670; x_wconf 82' lang='lat' dir='ltr'>dant</span> <span class='ocrx_word' id='word_1_162' title='bbox 382 1638 523 1678; x_wconf 80' lang='lat' dir='ltr'>plurima</span> 
     </span>
     <span class='ocr_line' id='line_1_47' title="bbox 277 1687 493 1726; baseline 0.005 -9"><span class='ocrx_word' id='word_1_163' title='bbox 277 1689 372 1726; x_wconf 85' lang='lat' dir='ltr'>atque</span> <span class='ocrx_word' id='word_1_164' title='bbox 395 1687 493 1726; x_wconf 79' lang='lat' dir='ltr'>plena</span> 
     </span>
     <span class='ocr_line' id='line_1_48' title="bbox 274 1733 439 1767; baseline 0 0"><span class='ocrx_word' id='word_1_165' title='bbox 274 1733 439 1767; x_wconf 81' lang='lat' dir='ltr'>beneficia.</span> 
     </span>
    </p>
   </div>
   <div class='ocr_carea' id='block_1_22' title="bbox 237 1790 650 2111">
    <p class='ocr_par' dir='ltr' id='par_1_26' title="bbox 277 1790 569 1880">
     <span class='ocr_line' id='line_1_49' title="bbox 279 1790 569 1824; baseline 0 -1"><span class='ocrx_word' id='word_1_166' title='bbox 279 1790 352 1823; x_wconf 82' lang='lat' dir='ltr'>Jam</span> <span class='ocrx_word' id='word_1_167' title='bbox 375 1801 460 1823; x_wconf 88' lang='lat' dir='ltr'>nunc</span> <span class='ocrx_word' id='word_1_168' title='bbox 484 1791 569 1824; x_wconf 83' lang='lat' dir='ltr'>dona</span> 
     </span>
     <span class='ocr_line' id='line_1_50' title="bbox 277 1839 415 1880; baseline 0.014 -10"><span class='ocrx_word' id='word_1_169' title='bbox 277 1839 415 1880; x_wconf 66' lang='lat' dir='ltr'>mystica</span> 
     </span>
    </p>

    <p class='ocr_par' dir='ltr' id='par_1_27' title="bbox 277 1887 559 1930">
     <span class='ocr_line' id='line_1_51' title="bbox 277 1887 559 1930; baseline 0.007 -12"><span class='ocrx_word' id='word_1_170' title='bbox 277 1887 416 1919; x_wconf 85' lang='lat' dir='ltr'>omnium</span> <span class='ocrx_word' id='word_1_171' title='bbox 440 1896 559 1930; x_wconf 83' lang='lat' dir='ltr'>genera</span> 
     </span>
    </p>

    <p class='ocr_par' dir='ltr' id='par_1_28' title="bbox 237 1934 650 2071">
     <span class='ocr_line' id='line_1_52' title="bbox 237 1934 650 1976; baseline 0.01 -11"><span class='ocrx_word' id='word_1_172' title='bbox 237 1941 243 1944; x_wconf 91' lang='lat'>·</span> <span class='ocrx_word' id='word_1_173' title='bbox 275 1934 455 1976; x_wconf 82' lang='lat' dir='ltr'>linguarum</span> <span class='ocrx_word' id='word_1_174' title='bbox 478 1936 650 1969; x_wconf 81' lang='lat' dir='ltr'>reddentia</span> 
     </span>
     <span class='ocr_line' id='line_1_53' title="bbox 276 1984 547 2016; baseline 0.011 -3"><span class='ocrx_word' id='word_1_175' title='bbox 276 1984 383 2014; x_wconf 85' lang='lat' dir='ltr'>mente</span> <span class='ocrx_word' id='word_1_176' title='bbox 408 1993 547 2016; x_wconf 78' lang='lat' dir='ltr'>consona</span> 
     </span>
     <span class='ocr_line' id='line_1_54' title="bbox 274 2032 534 2071; baseline 0.004 -9"><span class='ocrx_word' id='word_1_177' title='bbox 274 2033 403 2070; x_wconf 83' lang='lat' dir='ltr'>promat</span> <span class='ocrx_word' id='word_1_178' title='bbox 425 2032 534 2071; x_wconf 80' lang='lat' dir='ltr'>lingua</span> 
     </span>
    </p>

    <p class='ocr_par' dir='ltr' id='par_1_29' title="bbox 276 2087 504 2111">
     <span class='ocr_line' id='line_1_55' title="bbox 276 2087 504 2111; baseline 0.004 -1"><span class='ocrx_word' id='word_1_179' title='bbox 276 2087 354 2110; x_wconf 78' lang='lat' dir='ltr'>voce</span> <span class='ocrx_word' id='word_1_180' title='bbox 379 2087 504 2111; x_wconf 82' lang='lat' dir='ltr'>canora.</span> 
     </span>
    </p>
   </div>
   <div class='ocr_carea' id='block_1_23' title="bbox 272 2135 673 2506">
    <p class='ocr_par' dir='ltr' id='par_1_30' title="bbox 284 2135 571 2175">
     <span class='ocr_line' id='line_1_56' title="bbox 284 2135 571 2175; baseline 0.01 -9"><span class='ocrx_word' id='word_1_181' title='bbox 284 2135 428 2167; x_wconf 84' lang='lat' dir='ltr'>Christus</span> <span class='ocrx_word' id='word_1_182' title='bbox 453 2145 571 2175; x_wconf 79' lang='lat' dir='ltr'>supera</span> 
     </span>
    </p>

    <p class='ocr_par' dir='ltr' id='par_1_31' title="bbox 272 2183 652 2312">
     <span class='ocr_line' id='line_1_57' title="bbox 278 2183 652 2224; baseline 0.008 -10"><span class='ocrx_word' id='word_1_183' title='bbox 278 2183 353 2214; x_wconf 79' lang='lat' dir='ltr'>(lum</span> <span class='ocrx_word' id='word_1_184' title='bbox 378 2184 505 2216; x_wconf 80' lang='lat' dir='ltr'>scandit</span> <span class='ocrx_word' id='word_1_185' title='bbox 529 2185 652 2224; x_wconf 82' lang='lat' dir='ltr'>aethra,</span> 
     </span>
     <span class='ocr_line' id='line_1_58' title="bbox 272 2231 622 2272; baseline 0.006 -10"><span class='ocrx_word' id='word_1_186' title='bbox 272 2231 376 2272; x_wconf 83' lang='lat' dir='ltr'>jubet,</span> <span class='ocrx_word' id='word_1_187' title='bbox 400 2235 438 2263; x_wconf 88' lang='lat' dir='ltr'>ut</span> <span class='ocrx_word' id='word_1_188' title='bbox 459 2233 622 2272; x_wconf 75' lang='lat' dir='ltr'>promissa</span> 
     </span>
     <span class='ocr_line' id='line_1_59' title="bbox 274 2279 523 2312; baseline -0.004 -1"><span class='ocrx_word' id='word_1_189' title='bbox 274 2279 381 2311; x_wconf 80' lang='lat' dir='ltr'>Patn&#39;s</span> <span class='ocrx_word' id='word_1_190' title='bbox 408 2283 441 2312; x_wconf 81' lang='lat' dir='ltr'>et</span> <span class='ocrx_word' id='word_1_191' title='bbox 464 2289 523 2312; x_wconf 79' lang='lat' dir='ltr'>sua</span> 
     </span>
    </p>

    <p class='ocr_par' dir='ltr' id='par_1_32' title="bbox 274 2327 673 2506">
     <span class='ocr_line' id='line_1_60' title="bbox 276 2327 523 2360; baseline 0.004 -1"><span class='ocrx_word' id='word_1_192' title='bbox 276 2327 370 2360; x_wconf 82' lang='lat' dir='ltr'>docta</span> <span class='ocrx_word' id='word_1_193' title='bbox 394 2330 523 2360; x_wconf 78' lang='lat' dir='ltr'>caterva</span> 
     </span>
     <span class='ocr_line' id='line_1_61' title="bbox 276 2376 594 2419; baseline 0.006 -12"><span class='ocrx_word' id='word_1_194' title='bbox 276 2376 424 2408; x_wconf 79' lang='lat' dir='ltr'>attendat</span> <span class='ocrx_word' id='word_1_195' title='bbox 446 2378 594 2419; x_wconf 70' lang='lat' dir='ltr'>ventur-a,</span> 
     </span>
     <span class='ocr_line' id='line_1_62' title="bbox 274 2424 587 2457; baseline 0 -1"><span class='ocrx_word' id='word_1_196' title='bbox 274 2424 404 2456; x_wconf 78' lang='lat' dir='ltr'>Exhinc</span> <span class='ocrx_word' id='word_1_197' title='bbox 430 2424 587 2457; x_wconf 84' lang='lat' dir='ltr'>dominica</span> 
     </span>
     <span class='ocr_line' id='line_1_63' title="bbox 276 2473 673 2506; baseline 0.003 -2"><span class='ocrx_word' id='word_1_198' title='bbox 276 2473 390 2505; x_wconf 82' lang='lat' dir='ltr'>cohors</span> <span class='ocrx_word' id='word_1_199' title='bbox 414 2473 499 2505; x_wconf 82' lang='lat' dir='ltr'>alma</span> <span class='ocrx_word' id='word_1_200' title='bbox 523 2473 673 2506; x_wconf 81' lang='lat' dir='ltr'>observat</span> 
     </span>
    </p>
   </div>
   <div class='ocr_carea' id='block_1_24' title="bbox 193 1792 252 1824">
    <p class='ocr_par' dir='ltr' id='par_1_33' title="bbox 193 1792 252 1824">
     <span class='ocr_line' id='line_1_64' title="bbox 193 1792 252 1824; baseline 0 0"><span class='ocrx_word' id='word_1_201' title='bbox 193 1792 252 1824; x_wconf 72' lang='lat' dir='ltr'>Sa.</span> 
     </span>
    </p>
   </div>
   <div class='ocr_carea' id='block_1_25' title="bbox 193 2136 252 2168">
    <p class='ocr_par' dir='ltr' id='par_1_34' title="bbox 193 2136 252 2168">
     <span class='ocr_line' id='line_1_65' title="bbox 193 2136 252 2168; baseline 0 0"><span class='ocrx_word' id='word_1_202' title='bbox 193 2136 252 2168; x_wconf 83' lang='lat' dir='ltr'>4a.</span> 
     </span>
    </p>
   </div>
   <div class='ocr_carea' id='block_1_26' title="bbox 885 1792 945 1827">
    <p class='ocr_par' dir='ltr' id='par_1_35' title="bbox 885 1792 945 1827">
     <span class='ocr_line' id='line_1_66' title="bbox 885 1792 945 1827; baseline 0 -1"><span class='ocrx_word' id='word_1_203' title='bbox 885 1792 945 1827; x_wconf 84' lang='lat' dir='ltr'>3b.</span> 
     </span>
    </p>
   </div>
   <div class='ocr_carea' id='block_1_27' title="bbox 884 2137 945 2172">
    <p class='ocr_par' dir='ltr' id='par_1_36' title="bbox 884 2137 945 2172">
     <span class='ocr_line' id='line_1_67' title="bbox 884 2137 945 2172; baseline 0 -1"><span class='ocrx_word' id='word_1_204' title='bbox 884 2137 945 2172; x_wconf 82' lang='lat' dir='ltr'>4b.</span> 
     </span>
    </p>
   </div>
   <div class='ocr_carea' id='block_1_28' title="bbox 964 1196 1331 1768">
    <p class='ocr_par' dir='ltr' id='par_1_37' title="bbox 964 1196 1268 1278">
     <span class='ocr_line' id='line_1_68' title="bbox 964 1196 1268 1230; baseline -0.007 -1"><span class='ocrx_word' id='word_1_205' title='bbox 964 1197 1105 1230; x_wconf 82' lang='lat' dir='ltr'>Plaudat</span> <span class='ocrx_word' id='word_1_206' title='bbox 1131 1196 1268 1228; x_wconf 81' lang='lat' dir='ltr'>ecclesia</span> 
     </span>
     <span class='ocr_line' id='line_1_69' title="bbox 968 1245 1128 1278; baseline -0.006 -1"><span class='ocrx_word' id='word_1_207' title='bbox 968 1245 1128 1278; x_wconf 76' lang='lat' dir='ltr'>catholica</span> 
     </span>
    </p>

    <p class='ocr_par' dir='ltr' id='par_1_38' title="bbox 965 1293 1331 1670">
     <span class='ocr_line' id='line_1_70' title="bbox 968 1293 1236 1333; baseline -0.007 -8"><span class='ocrx_word' id='word_1_208' title='bbox 968 1302 1039 1325; x_wconf 84' lang='lat' dir='ltr'>cum</span> <span class='ocrx_word' id='word_1_209' title='bbox 1058 1293 1152 1333; x_wconf 84' lang='lat' dir='ltr'>prole</span> <span class='ocrx_word' id='word_1_210' title='bbox 1178 1301 1236 1324; x_wconf 81' lang='lat' dir='ltr'>sua</span> 
     </span>
     <span class='ocr_line' id='line_1_71' title="bbox 969 1340 1281 1381; baseline -0.006 -8"><span class='ocrx_word' id='word_1_211' title='bbox 969 1341 1130 1373; x_wconf 84' lang='lat' dir='ltr'>dominica</span> <span class='ocrx_word' id='word_1_212' title='bbox 1153 1340 1281 1381; x_wconf 83' lang='lat' dir='ltr'>repleta</span> 
     </span>
     <span class='ocr_line' id='line_1_72' title="bbox 967 1388 1331 1428; baseline -0.005 -7"><span class='ocrx_word' id='word_1_213' title='bbox 967 1388 1035 1421; x_wconf 83' lang='lat' dir='ltr'>fide</span> <span class='ocrx_word' id='word_1_214' title='bbox 1059 1391 1157 1428; x_wconf 82' lang='lat' dir='ltr'>atque</span> <span class='ocrx_word' id='word_1_215' title='bbox 1184 1388 1331 1421; x_wconf 74' lang='lat' dir='ltr'>doctrina</span> 
     </span>
     <span class='ocr_line' id='line_1_73' title="bbox 966 1436 1304 1476; baseline -0.006 -7"><span class='ocrx_word' id='word_1_216' title='bbox 966 1437 1092 1469; x_wconf 80' lang='lat' dir='ltr'>imbuta</span> <span class='ocrx_word' id='word_1_217' title='bbox 1116 1436 1304 1476; x_wconf 75' lang='lat' dir='ltr'>apostoliea.</span> 
     </span>
     <span class='ocr_line' id='line_1_74' title="bbox 969 1494 1216 1534; baseline 0 -8"><span class='ocrx_word' id='word_1_218' title='bbox 969 1494 1091 1533; x_wconf 75' lang='lat' dir='ltr'>Quibus</span> <span class='ocrx_word' id='word_1_219' title='bbox 1115 1503 1216 1534; x_wconf 71' lang='lat' dir='ltr'>aegra</span> 
     </span>
     <span class='ocr_line' id='line_1_75' title="bbox 969 1543 1269 1582; baseline -0.003 -8"><span class='ocrx_word' id='word_1_220' title='bbox 969 1543 1110 1574; x_wconf 87' lang='lat' dir='ltr'>omnium</span> <span class='ocrx_word' id='word_1_221' title='bbox 1134 1545 1269 1582; x_wconf 81' lang='lat' dir='ltr'>pectora</span> 
     </span>
     <span class='ocr_line' id='line_1_76' title="bbox 965 1589 1314 1632; baseline 0.003 -11"><span class='ocrx_word' id='word_1_222' title='bbox 965 1590 1107 1632; x_wconf 80' lang='lat' dir='ltr'>pleniter</span> <span class='ocrx_word' id='word_1_223' title='bbox 1132 1589 1314 1622; x_wconf 79' lang='lat' dir='ltr'>refocillata</span> 
     </span>
     <span class='ocr_line' id='line_1_77' title="bbox 966 1638 1110 1670; baseline 0 0"><span class='ocrx_word' id='word_1_224' title='bbox 966 1638 1110 1670; x_wconf 80' lang='lat' dir='ltr'>valentia</span> 
     </span>
    </p>

    <p class='ocr_par' dir='ltr' id='par_1_39' title="bbox 966 1686 1199 1719">
     <span class='ocr_line' id='line_1_78' title="bbox 966 1686 1199 1719; baseline 0 -1"><span class='ocrx_word' id='word_1_225' title='bbox 966 1689 1042 1719; x_wconf 81' lang='lat' dir='ltr'>sunt</span> <span class='ocrx_word' id='word_1_226' title='bbox 1064 1686 1199 1719; x_wconf 81' lang='lat' dir='ltr'>reddita</span> 
     </span>
    </p>

    <p class='ocr_par' dir='ltr' id='par_1_40' title="bbox 966 1733 1219 1768">
     <span class='ocr_line' id='line_1_79' title="bbox 966 1733 1219 1768; baseline 0.008 -2"><span class='ocrx_word' id='word_1_227' title='bbox 966 1743 1006 1767; x_wconf 84' lang='lat' dir='ltr'>ac</span> <span class='ocrx_word' id='word_1_228' title='bbox 1030 1733 1219 1768; x_wconf 71' lang='lat' dir='ltr'>fortissima.</span> 
     </span>
    </p>
   </div>
   <div class='ocr_carea' id='block_1_29' title="bbox 966 1793 1351 2122">
    <p class='ocr_par' dir='ltr' id='par_1_41' title="bbox 967 1793 1266 1881">
     <span class='ocr_line' id='line_1_80' title="bbox 967 1793 1266 1834; baseline -0.007 -8"><span class='ocrx_word' id='word_1_229' title='bbox 967 1793 1031 1827; x_wconf 79' lang='lat' dir='ltr'>Per</span> <span class='ocrx_word' id='word_1_230' title='bbox 1057 1801 1151 1834; x_wconf 86' lang='lat' dir='ltr'>quem</span> <span class='ocrx_word' id='word_1_231' title='bbox 1174 1795 1266 1825; x_wconf 83' lang='lat' dir='ltr'>tanta</span> 
     </span>
     <span class='ocr_line' id='line_1_81' title="bbox 967 1842 1073 1881; baseline 0 -8"><span class='ocrx_word' id='word_1_232' title='bbox 967 1842 1073 1881; x_wconf 79' lang='lat' dir='ltr'>gratia</span> 
     </span>
    </p>

    <p class='ocr_par' dir='ltr' id='par_1_42' title="bbox 968 1887 1249 1930">
     <span class='ocr_line' id='line_1_82' title="bbox 968 1887 1249 1930; baseline -0.004 -9"><span class='ocrx_word' id='word_1_233' title='bbox 968 1889 1142 1930; x_wconf 76' lang='lat' dir='ltr'>divinaque</span> <span class='ocrx_word' id='word_1_234' title='bbox 1167 1887 1249 1928; x_wconf 70' lang='grc' dir='ltr'>δόξα</span> 
     </span>
    </p>

    <p class='ocr_par' dir='ltr' id='par_1_43' title="bbox 966 1937 1351 2074">
     <span class='ocr_line' id='line_1_83' title="bbox 967 1937 1351 1978; baseline 0.003 -9"><span class='ocrx_word' id='word_1_235' title='bbox 967 1937 1002 1969; x_wconf 85' lang='lat' dir='ltr'>in</span> <span class='ocrx_word' id='word_1_236' title='bbox 1027 1938 1125 1969; x_wconf 82' lang='lat' dir='ltr'>terris</span> <span class='ocrx_word' id='word_1_237' title='bbox 1148 1940 1197 1969; x_wconf 84' lang='lat' dir='ltr'>est</span> <span class='ocrx_word' id='word_1_238' title='bbox 1223 1938 1351 1978; x_wconf 79' lang='lat' dir='ltr'>cognita</span> 
     </span>
     <span class='ocr_line' id='line_1_84' title="bbox 966 1986 1201 2026; baseline 0.004 -9"><span class='ocrx_word' id='word_1_239' title='bbox 966 1993 1068 2026; x_wconf 78' lang='lat' dir='ltr'>tegna</span> <span class='ocrx_word' id='word_1_240' title='bbox 1091 1986 1201 2018; x_wconf 79' lang='lat' dir='ltr'>omnia</span> 
     </span>
     <span class='ocr_line' id='line_1_85' title="bbox 967 2036 1235 2074; baseline 0.007 -10"><span class='ocrx_word' id='word_1_241' title='bbox 967 2037 1105 2074; x_wconf 82' lang='lat' dir='ltr'>suntque</span> <span class='ocrx_word' id='word_1_242' title='bbox 1129 2036 1235 2066; x_wconf 83' lang='lat' dir='ltr'>tracta</span> 
     </span>
    </p>

    <p class='ocr_par' dir='ltr' id='par_1_44' title="bbox 968 2081 1281 2122">
     <span class='ocr_line' id='line_1_86' title="bbox 968 2081 1281 2122; baseline 0.01 -9"><span class='ocrx_word' id='word_1_243' title='bbox 968 2081 1011 2113; x_wconf 86' lang='lat' dir='ltr'>ad</span> <span class='ocrx_word' id='word_1_244' title='bbox 1039 2081 1159 2114; x_wconf 84' lang='lat' dir='ltr'>Christi</span> <span class='ocrx_word' id='word_1_245' title='bbox 1180 2083 1281 2122; x_wconf 81' lang='lat' dir='ltr'>jussa.</span> 
     </span>
    </p>
   </div>
   <div class='ocr_carea' id='block_1_30' title="bbox 965 2137 1351 2517">
    <p class='ocr_par' dir='ltr' id='par_1_45' title="bbox 966 2137 1316 2274">
     <span class='ocr_line' id='line_1_87' title="bbox 970 2137 1316 2179; baseline 0.003 -9"><span class='ocrx_word' id='word_1_246' title='bbox 970 2137 1151 2179; x_wconf 78' lang='lat' dir='ltr'>Praecepta</span> <span class='ocrx_word' id='word_1_247' title='bbox 1177 2139 1316 2171; x_wconf 78' lang='lat' dir='ltr'>collecta</span> 
     </span>
     <span class='ocr_line' id='line_1_88' title="bbox 966 2186 1243 2219; baseline 0.004 -1"><span class='ocrx_word' id='word_1_248' title='bbox 966 2186 1001 2218; x_wconf 86' lang='lat' dir='ltr'>in</span> <span class='ocrx_word' id='word_1_249' title='bbox 1023 2187 1105 2219; x_wconf 84' lang='lat' dir='ltr'>urbe</span> <span class='ocrx_word' id='word_1_250' title='bbox 1130 2191 1243 2219; x_wconf 81' lang='lat' dir='ltr'>sancta</span> 
     </span>
     <span class='ocr_line' id='line_1_89' title="bbox 966 2233 1205 2274; baseline 0.004 -7"><span class='ocrx_word' id='word_1_251' title='bbox 966 2233 1205 2274; x_wconf 66' lang='lat' dir='ltr'>Hierosolyma.</span> 
     </span>
    </p>

    <p class='ocr_par' dir='ltr' id='par_1_46' title="bbox 966 2281 1351 2364">
     <span class='ocr_line' id='line_1_90' title="bbox 970 2281 1351 2324; baseline 0.008 -11"><span class='ocrx_word' id='word_1_252' title='bbox 970 2281 1050 2314; x_wconf 72' lang='lat' dir='ltr'>Cum</span> <span class='ocrx_word' id='word_1_253' title='bbox 1073 2286 1209 2322; x_wconf 78' lang='lat' dir='ltr'>repente</span> <span class='ocrx_word' id='word_1_254' title='bbox 1233 2292 1351 2324; x_wconf 81' lang='lat' dir='ltr'>magna</span> 
     </span>
     <span class='ocr_line' id='line_1_91' title="bbox 966 2330 1161 2364; baseline 0.005 -2"><span class='ocrx_word' id='word_1_255' title='bbox 966 2339 1046 2362; x_wconf 79' lang='lat' dir='ltr'>voce</span> <span class='ocrx_word' id='word_1_256' title='bbox 1071 2330 1161 2364; x_wconf 78' lang='lat' dir='ltr'>faeta</span> 
     </span>
    </p>

    <p class='ocr_par' dir='ltr' id='par_1_47' title="bbox 965 2378 1316 2517">
     <span class='ocr_line' id='line_1_92' title="bbox 969 2378 1289 2419; baseline 0.006 -8"><span class='ocrx_word' id='word_1_257' title='bbox 969 2378 1009 2411; x_wconf 83' lang='lat' dir='ltr'>ab</span> <span class='ocrx_word' id='word_1_258' title='bbox 1036 2387 1110 2411; x_wconf 80' lang='lat' dir='ltr'>arce</span> <span class='ocrx_word' id='word_1_259' title='bbox 1135 2388 1289 2419; x_wconf 75' lang='lat' dir='ltr'>superna..</span> 
     </span>
     <span class='ocr_line' id='line_1_93' title="bbox 970 2426 1316 2467; baseline 0.009 -9"><span class='ocrx_word' id='word_1_260' title='bbox 970 2426 1037 2465; x_wconf 85' lang='lat' dir='ltr'>Quo</span> <span class='ocrx_word' id='word_1_261' title='bbox 1064 2431 1155 2460; x_wconf 81' lang='lat' dir='ltr'>erant</span> <span class='ocrx_word' id='word_1_262' title='bbox 1180 2428 1316 2467; x_wconf 81' lang='lat' dir='ltr'>impleta</span> 
     </span>
     <span class='ocr_line' id='line_1_94' title="bbox 965 2476 1259 2517; baseline 0.007 -10"><span class='ocrx_word' id='word_1_263' title='bbox 965 2476 1040 2515; x_wconf 82' lang='lat' dir='ltr'>ipsa</span> <span class='ocrx_word' id='word_1_264' title='bbox 1061 2484 1139 2508; x_wconf 88' lang='lat' dir='ltr'>sono</span> <span class='ocrx_word' id='word_1_265' title='bbox 1164 2476 1259 2517; x_wconf 80' lang='lat' dir='ltr'>atria,</span> 
     </span>
    </p>
   </div>
  </div>
 </body>
</html>
