1655 2637
591 194 636 228 10.
672 193 833 227 Dominica¹
852 193 895 227 III
914 192 1085 225 Adventus,

184 269 216 302 1.
242 269 315 310 Age
338 278 433 311 nune,
460 269 514 301 dia
869 268 902 300 4,
928 263 1073 297 Venusta
1152 309 1159 315 ⁸

242 325 402 358 camoena,
928 320 1050 353 nosque
1076 313 1203 343 cantlca

238 364 275 397 in
298 366 360 398 hae
382 364 551 405 praecelsa
929 361 1007 394 Jesu
1032 358 1213 399 crepundia

240 421 346 446 annua
927 409 1099 442 laudantes
1124 406 1182 447 pia

236 469 349 502 prome
375 469 502 493 carmen
527 460 622 494 laeta.
926 464 1110 498 promamus
1137 457 1236 488 casta.

181 519 213 550 2.
239 517 311 551 Lux
336 527 414 551 vera
434 518 611 559 perlustrat
870 517 901 549 5.
926 515 1087 548 Nectarea

239 566 336 598 hodie
361 566 436 607 quia
459 568 563 598 terras
928 562 1003 604 quia
1025 561 1163 594 reboant

240 614 349 655 genesi
372 622 432 646 sua
926 611 1084 644 hodierna

236 662 315 694 item
338 661 469 694 reddita
927 659 1022 691 nimis
1048 658 1138 690 clara

239 718 322 750 pace
345 718 478 743 summa.
929 707 983 740 die
1007 707 1200 747 pneumata:

182 767 215 801 3.
240 766 379 800 Reserat
401 767 488 798 vitae
511 768 648 810 portam,
869 767 900 800 6.
926 764 1039 797 Proles
1066 762 1179 796 divina

241 814 331 854 cujus
354 813 541 847 fescennina
927 813 978 844 est
999 813 1087 852 nata,

235 862 355 902 jubilat
377 871 442 894 una
926 868 1043 901 perpes
1070 858 1122 891 cui
1147 857 1232 891 doxa

238 909 371 942 uranica
394 908 490 942 turba
926 917 987 949 per
1010 906 1150 940 saecula.

238 957 273 989 in
297 966 384 992 arva.
926 957 1043 988 Amen.

254 1023 280 1051 B
309 1022 359 1050 fol.
388 1021 477 1051 1452.
499 1038 538 1043 -
559 1023 601 1051 Oa
624 1023 674 1051 fol.
695 1020 767 1051 4312.
789 1038 826 1042 ——
844 1022 874 1050 E
898 1022 950 1051 fol.
970 1019 1060 1049 234a.
1081 1035 1119 1040 -—-
1143 1020 1224 1049 Titel
1250 1020 1302 1049 der
1323 1020 1418 1049 Prose
1444 1020 1509 1056 „De

177 1060 326 1097 (Alleluja)
349 1062 485 1089 Dominus
506 1058 658 1097 regnavit&
697 1062 730 1090 B.
768 1061 848 1090 Eine
865 1061 951 1096 jener
976 1060 1164 1097 Sequemen,
1192 1059 1282 1087 deren
1300 1059 1432 1087 Melodie
1458 1058 1508 1086 die

178 1099 387 1128 Abwesenheit
400 1100 490 1135 jeden
501 1099 724 1128 Parallelismus
740 1099 889 1128 erkennen
902 1099 984 1127 lasst.
996 1115 1034 1119 —
1051 1097 1101 1126 Sie
1115 1097 1202 1132 steht,
1224 1105 1455 1134 ausgenommen
1469 1096 1506 1130 E,

178 1141 264 1166 unter
284 1138 341 1166 den
350 1137 590 1174 Adventsprosen
601 1140 679 1166 trotz
693 1137 720 1172 2,
733 1136 752 1165 2
763 1146 807 1174 sq.
827 1154 866 1159 -—
886 1137 912 1172 l,
928 1137 943 1166 1
964 1137 1015 1165 die
1026 1135 1105 1165 BGa.
1123 1151 1162 1156 —
1181 1134 1209 1172 2,
1225 1135 1246 1165 4
1259 1137 1340 1164 idem
1351 1135 1458 1164 ssGaE.
1469 1149 1507 1155 -

179 1174 206 1210 3,
228 1175 245 1204 5
267 1176 346 1204 arvis
365 1177 402 1204 Ε.
418 1192 458 1197 —
477 1175 503 1211 5,
524 1175 544 1204 4
562 1185 606 1213 sq.
627 1184 773 1213 superque
793 1177 841 1205 die
857 1175 1030 1205 melodema.
1047 1175 1110 1203 BE.
1131 1190 1169 1194 —
1191 1174 1216 1210 6,
1237 1173 1258 1202 4
1276 1175 1376 1203 saecla
1394 1175 1428 1202 Β.

592 1268 631 1301 11.
672 1267 832 1301 Dominiea
847 1268 889 1301 IV
909 1268 1083 1300 Adventus.

181 1340 237 1375 la,
261 1337 349 1371 Laus
371 1339 469 1372 beata
871 1339 931 1373 lb.
956 1339 1016 1380 Qui
1037 1338 1077 1371 ab
1104 1339 1171 1371 alta

262 1387 330 1419 vita
351 1395 478 1427 paxque
956 1387 1155 1419 descendisti

261 1434 417 1477 perfecta,
954 1434 997 1467 ad
1021 1435 1097 1475 ima,

182 1493 238 1525 2a.
264 1491 406 1525 Visitare
429 1495 550 1526 nostra.
623 1498 639 1514 ²³<
793 1498 810 1515 ²⁸
870 1492 931 1526 2b.
955 1492 1114 1533 Dignatus
1138 1495 1284 1525 nostram

660 1536 676 1552 *
751 1537 768 1554 ⁵⁵
953 1541 1123 1574 moderare
1149 1548 1333 1573 camoenam

265 1586 358 1620 Salus
382 1591 525 1628 aeterna,
665 1613 681 1630 *
711 1576 726 1593 *
754 1614 770 1631 *

264 1636 380 1668 exaudi
404 1634 515 1668 fidelia
626 1652 642 1668 >x
792 1652 809 1669 ,κ
954 1636 1090 1669 Pietatis
1113 1636 1229 1676 gratia.

181 1694 238 1726 3a.
263 1692 345 1725 Nam
371 1694 539 1734 pangimus
870 1694 930 1729 3b.
958 1693 1054 1727 Nunc
1078 1694 1149 1726 laus
1172 1697 1286 1727 nostra

265 1740 325 1773 tibi
351 1742 439 1774 clara
953 1741 1013 1775 tibi
1038 1745 1132 1784 grata

266 1788 371 1822 dando
394 1798 510 1822 vocum
532 1793 692 1833 neumata,
956 1791 1082 1824 dulcem
1108 1790 1190 1824 dans
1215 1790 1452 1832 symphoniam,

264 1835 350 1869 Voce
372 1838 539 1877 praecelsa
953 1839 1018 1871 Per
1041 1842 1075 1872 te
1100 1838 1200 1879 edita,

263 1885 516 1925 perstringentes
952 1887 1013 1920 tibi
1037 1887 1101 1920 rite

261 1940 377 1965 sonora
957 1936 1073 1975 dicata,

263 1979 439 2012 sillabatim
954 1992 1091 2023 poscens
1112 1985 1171 2015 tua

268 2027 363 2060 simul
387 2038 517 2068 organa.
955 2034 988 2063 et
1012 2030 1168 2065 subsidia.

183 2086 240 2119 4a.
265 2084 313 2117 Te
337 2085 405 2118 sine
428 2085 504 2126 quia
869 2087 932 2121 4b.
957 2088 1128 2121 Reddatur
1153 2087 1262 2121 fausta

265 2133 355 2165 nulla
379 2136 453 2165 sunt
476 2132 595 2170 felicia.
952 2136 1116 2169 hominum
1141 2145 1202 2176 per
1225 2139 1260 2168 te
1283 2136 1361 2176 vita,

529 2192 561 2225 5.
586 2192 625 2224 In
649 2193 789 2232 pat-riam

588 2248 650 2280 quo
672 2249 732 2272 nos
755 2240 946 2274 introducas
971 2241 1110 2282 beatem,

588 2297 652 2329 qua
674 2287 767 2320 nobis
795 2291 910 2322 cuncta
934 2290 999 2322 siut
1021 2298 1138 2322 serena

588 2337 621 2367 et
643 2336 852 2376 pacatissima

586 2382 708 2416 affatim
732 2384 848 2417 saecla.
