1655 2637
136 190 192 222 3³.

135 387 192 419 4a.

138 590 193 621 5a.

133 881 189 914 Ga.

132 1221 185 1254 7a.

130 1464 186 1499 ga.

670 95 936 132 —259—

217 188 293 221 Hoc
317 199 433 223 nomen

219 237 281 269 tibi
309 241 359 270 est
382 241 486 271 totum

221 287 307 318 canit
330 285 404 319 finis

220 337 253 366 et
276 334 466 374 primordia.

219 387 308 419 Audi
333 388 447 429 Israel,

217 440 255 468 tu
278 435 368 468 Deus

221 483 255 515 in
280 482 393 516 Horeb
419 485 573 525 narrasti,

219 540 285 563 una
310 534 360 563 est
383 532 536 573 majestas
561 542 643 567 mea.

221 587 318 620 Nunc
343 597 419 629 ergo
444 589 565 622 trinum

216 640 249 668 et
273 646 370 668 unum
396 646 461 669 non
486 640 590 670 cessat

219 685 354 716 credere
378 683 482 717 Deum

219 732 356 764 ecclesia
380 734 502 774 sancta,

217 780 251 811 in
276 780 425 819 personis

216 827 336 860 trinum
364 830 396 860 et
419 837 516 860 unum
542 828 576 859 in
601 830 726 868 natura,

216 880 263 911 At
285 880 358 920 ipse
381 879 549 920 Dominus,

214 927 359 968 verbum,
387 928 501 969 virtuS,

215 976 385 1017 sapientia,
414 976 560 1008 Christus
585 975 607 1008 J
609 984 690 1016 esus,

215 1027 248 1055 et
269 1025 373 1056 totum
397 1024 500 1063 patris

215 1080 381 1104 commune

216 1119 256 1151 de
281 1120 402 1151 lumine
426 1119 544 1160 lumen,

213 1175 274 1199 nec
297 1167 403 1199 minor
428 1169 477 1199 est
502 1167 686 1208 quidquam.

216 1219 293 1252 Sola
318 1221 462 1260 suscepit

214 1268 255 1300 de
278 1268 405 1308 virgine
428 1267 539 1300 Maria

213 1315 272 1348 filii

213 1373 354 1404 persona
378 1367 510 1396 nostrae

214 1413 387 1452 parvitatis
411 1411 558 1453 formam,

213 1463 383 1497 Perfectus
409 1468 459 1497 est
482 1465 582 1505 Deus,

214 1511 380 1553 perfectus
405 1513 511 1554 homo,

177 1584 180 1587 -
214 1570 279 1593 non
306 1561 368 1593 duo
393 1563 499 1593 tamen
523 1562 581 1593 sed

132 1862 201 1882 cai-o
221 1853 287 1881 sant
306 1854 338 1882 F.
360 1868 396 1873 —
418 1850 470 1888 31),
495 1852 509 1880 1
532 1853 681 1882 Devotum
695 1855 728 1882 F.
750 1869 786 1873 —
807 1853 861 1887 4a,
881 1852 900 1882 3
914 1853 1064 1883 mandasti
1078 1855 1112 1883 F.
1133 1870 1170 1874 —
1189 1853 1247 1887 41),
1269 1854 1287 1884 3
1308 1857 1474 1890 subjectum

216 1617 298 1641 unus
324 1611 373 1641 est
396 1609 547 1642 Messias.

599 1663 630 1695 9.
656 1661 812 1703 Aequalis

834 195 891 229 3b.

831 392 890 425 410.

832 588 892 621 5b.

831 879 890 913 6b.

830 1218 888 1253 7b.

830 1464 891 1499 Sb.

915 196 962 228 Te
988 198 1106 235 vatum,

915 243 1001 284 Eloi,
1029 245 1131 277 omnis

917 292 1002 323 canit
1027 300 1155 332 semper

915 339 1076 372 vaticinia.

914 391 988 424 Non
1014 395 1046 424 te
1071 393 1235 427 immundo

916 440 1059 473 ostendis

912 487 976 520 nisi
1000 496 1060 528 per
1089 489 1268 529 subjectam

915 534 1061 576 formam,
1089 545 1184 576 quam
1209 538 1279 577 ipse
1305 537 1441 572 feceras.

917 589 1044 620 Patrem
1069 591 1099 621 et
1124 590 1248 629 prolem

916 639 947 667 et
973 636 1122 676 spiritum
1148 641 1304 674 sanctum,

913 686 1040 723 patrem
1064 685 1209 717 innatum

912 730 1012 763 filium
1038 733 1190 774 genitum,

914 782 945 811 et
970 780 1119 819 spiritum

912 829 1092 867 procedens
1117 829 1151 861 in
1179 829 1252 862 duas
1281 839 1436 871 personas

918 879 968 912 De
992 879 1060 912 solo
1086 881 1184 922 solus,
1209 883 1245 915 in

913 932 1008 967 patre
1032 937 1175 969 manens,

913 976 946 1006 in
971 975 1042 1015 ipso
1068 977 1195 1016 genitor
1219 986 1410 1018 permanens

911 1031 973 1055 nee
997 1023 1105 1062 habet,
1132 1024 1188 1057 ubi

914 1074 1112 1111 concrescat,

914 1121 946 1150 et
970 1127 1078 1151 rerum
1103 1129 1184 1152 unus
1211 1123 1258 1152 est

913 1166 1001 1198 Deus
1027 1170 1162 1207 patrans
1189 1172 1313 1202 cuncta.

910 1218 956 1251 Ut
983 1219 1160 1252 redimeret

913 1267 1038 1307 plasma
1063 1277 1166 1306 suum,
1193 1270 1281 1310 quod
1307 1268 1394 1309 fecit,

913 1316 1043 1348 unicum

913 1363 1034 1396 direxit
1058 1373 1150 1397 suum

913 1410 1015 1443 filium
1039 1412 1074 1444 in
1099 1417 1230 1446 terram.

913 1465 1024 1497 Minor
1049 1469 1099 1497 est
1125 1466 1167 1498 de
1191 1468 1286 1506 patre

912 1512 947 1544 in
972 1513 1017 1553 id,
1045 1513 1131 1553 quod
1157 1510 1259 1559 [ipse]

913 1570 973 1602 pro
999 1560 1092 1594 nobis
1118 1562 1271 1603 suscepit,

913 1609 1086 1642 humanam
1111 1614 1279 1650 naturam3

658 1713 706 1742 est
732 1710 817 1750 patri
844 1710 1021 1742 secundum

659 1758 787 1791 deitatis
813 1758 957 1799 gloriam.

209 1814 234 1842 B
255 1815 304 1843 fol.
330 1812 418 1843 1952.
439 1829 479 1834 —-—
501 1814 544 1843 Ca
562 1814 612 1843 fol.
635 1812 689 1843 129
700 1816 730 1843 b,
752 1830 788 1834 —
807 1815 835 1842 E
855 1815 905 1843 fol.
927 1813 983 1843 287
994 1815 1022 1842 b.
1046 1831 1084 1836 —-
1102 1816 1128 1844 F
1147 1816 1197 1844 fol.
1220 1814 1275 1845 106
1287 1825 1314 1845 a,
1329 1833 1367 1838 —
1381 1815 1431 1851 3a,
1455 1815 1473 1846 3

131 1892 193 1921 EF.
220 1907 257 1912 —
278 1891 330 1927 4b,
349 1891 368 1920 4
393 1893 577 1929 formamque
602 1893 634 1920 F.
662 1907 700 1912 —
727 1891 781 1929 412,
803 1892 823 1920 4
848 1892 958 1921 fecerat
983 1893 1016 1921 F.
1045 1908 1082 1914 ‹—
1111 1892 1160 1930 5a,
1183 1892 1200 1920 2
1222 1897 1319 1923 cesset
1339 1894 1414 1924 CaF'.
1435 1912 1473 1917 ——

133 1932 185 1963 δα,
206 1930 226 1959 4
253 1934 286 1960 in
312 1931 440 1960 ecclesia
454 1931 487 1959 F.
508 1946 546 1951 —-
567 1931 620 1967 5b,
644 1930 660 1960 6
687 1932 745 1960 alle
766 1931 838 1960 Hss.
864 1947 903 1952 —
928 1930 979 1967 Sa,
1001 1929 1020 1960 3
1042 1931 1157 1961 Christe
1185 1933 1217 1960 F.
1239 1950 1278 1955 -—
1299 1933 1352 1970 612,
1374 1933 1391 1963 5
1413 1943 1475 1963 nou

132 1973 247 1999 crescat
264 1969 298 1998 F.
327 1985 366 1990 -—-
393 1969 445 2005 7a,
468 1969 485 1998 5
516 1972 675 2007 pravitatis
697 1970 752 2004 Oa3
783 1970 879 1999 forma
907 1971 963 2000 BF.
985 1987 1024 1992 —
1043 1970 1096 2007 712,
1120 1970 1132 1998 1
1155 1973 1197 2000 Et
1216 1973 1360 2001 redimere
1381 1974 1413 2002 F.
1436 1989 1473 1994 -—

133 2009 186 2044 7b,
204 2007 222 2038 2
243 2010 361 2045 plasma
380 2017 436 2038 sua
454 2008 589 2044 BCaEF;
620 2018 706 2046 quem
726 2010 798 2038 fecit
818 2010 856 2043 F;
879 2017 968 2047 quam
988 2009 1060 2038 fecit
1079 2010 1141 2039 BE.
1169 2026 1200 2031 -
1223 2010 1275 2047 812,
1300 2012 1314 2041 1
1333 2012 1369 2041 de
1389 2016 1474 2049 patre

132 2051 180 2077 est
199 2048 276 2078 Cap.
296 2065 335 2069 -—
355 2046 412 2085 812,
431 2047 452 2076 4
471 2048 605 2077 humana
623 2051 734 2077 natura
753 2048 828 2077 OaF.

134 2304 191 2335 2a.

595 2132 658 2167 241.
698 2133 798 2165 Prosa
818 2132 1031 2166 Dominicalis.

650 2197 681 2230 1.
710 2196 735 2230 O
761 2196 818 2228 lux
843 2197 986 2236 aeterna,

709 2244 858 2287 sublima,

836 2302 895 2336 210.
917 2302 1061 2344 Fulgens
1085 2304 1264 2348 praecelsa,

219 2301 359 2335 Claritas
385 2305 508 2343 sancta,

219 2352 308 2392 qu'us
335 2351 492 2392 splendor

219 2400 325 2441 gratia
345 2399 494 2441 irradiat,

918 2349 1033 2393 fugans
1059 2356 1160 2392 actus,

918 2400 1072 2434 tenebrae
1099 2402 1273 2435 horrentia.

1183 2457 1242 2487 17*
