1655 2637
750 130 1014 165 —212—

247 226 305 258 9a.
333 225 446 258 Prisca
470 226 586 260 obruta
938 226 997 261 9b.
1019 226 1092 267 Eja.
1119 225 1289 266 praecelsa

330 274 378 305 sic
403 274 544 318 victima,
1020 274 1098 306 urbs
1123 274 1252 314 Tolosa,

326 330 386 362 per
412 331 505 355 sacra
1020 322 1153 360 exsulta,

326 371 504 403 sacerdotis
530 369 646 404 funera
1020 378 1102 411 pace
1126 379 1250 402 summa
1274 369 1405 402 condita

328 418 435 450 hostia
1018 419 1154 460 pignora

327 469 375 497 est
401 464 547 499 confecta
1017 467 1051 499 in
1077 468 1110 497 te
1135 467 1210 507 quia

327 522 421 555 nova,
447 514 552 555 plebis
578 523 642 554 qua
1018 516 1101 556 suut,
1130 515 1172 546 ad
1199 513 1365 547 commoda

327 560 432 594 libera
455 562 488 594 in
514 562 621 594 saecla
1020 562 1183 594 Saturnini
1212 562 1289 594 data

325 618 409 641 nunc
431 613 538 642 manet
563 610 670 645 turba.
1017 610 1206 650 patrocinia,

221 666 301 699 lOa.
329 666 419 699 Hinc
443 667 534 707 plebs
561 668 662 700 omnis
681 668 851 707 consortia,
915 666 997 701 10b.
1021 667 1136 708 Hujus,
1163 676 1181 699 o
1209 666 1345 707 Christe.
1372 667 1486 700 sedula

327 715 425 754 hujus
450 723 597 755 rogamus
622 716 739 747 merita
1019 725 1077 748 nos
1101 724 1200 755 prece
1224 717 1345 748 munda
1371 725 1391 747 a
1414 725 1499 748 noxa

325 761 460 795 foveant
482 772 541 794 nos
565 764 600 795 in
625 763 764 795 saecula.
1020 766 1051 794 et
1078 763 1162 795 dona
1184 763 1251 796 frui
1277 765 1369 797 doxa.

295 823 320 850 F
342 823 391 850 fol.
415 821 470 852 160
491 824 517 851 b.
540 839 576 843 —
593 823 645 858 51»,
667 824 684 851 7
704 825 861 860 improbat.
882 838 920 842 —
939 824 990 857 cb,
1014 822 1031 851 6
1052 824 1178 852 discissa
1193 825 1278 853 visio.
1293 840 1333 845 ——
1350 822 1400 860 Sb,
1423 823 1441 853 8
1456 833 1543 852 noxa.

647 898 708 930 192.
739 897 782 929 De
803 898 911 929 sancto
932 896 1113 929 Saturnino.

781 955 811 988 1.
838 953 1025 986 Hodiernus

217 1011 238 1043 2
253 1019 283 1041 a.
305 1009 468 1042 Sam-atior
911 1010 971 1043 2b.
992 1009 1066 1042 Hoc
1090 1019 1207 1043 sonora

304 1058 505 1090 venerandus
993 1067 1072 1090 voce
1096 1058 1189 1097 polus

301 1105 334 1137 in
360 1105 438 1138 orbe
991 1108 1143 1145 terraque

303 1153 372 1185 dies
396 1153 583 1193 praeclarus
607 1154 734 1194 ubique.
993 1158 1146 1186 resonant
1172 1154 1413 1195 cunctipotenti.

219 1210 275 1243 321.
303 1211 369 1250 Quo
394 1208 578 1250 pontificale
908 1210 970 1244 3b.
992 1210 1051 1250 Qui
1077 1211 1214 1245 vinculis
1241 1214 1346 1244 carnis

302 1258 475 1289 decantant
496 1259 638 1290 carmina
992 1259 1114 1291 solutus
1139 1258 1237 1291 hodie

300 1305 397 1337 totius
421 1306 532 1337 mundi
560 1307 666 1346 decus,
991 1306 1099 1338 sidera
1125 1307 1211 1339 celsa
1234 1310 1358 1348 petens,

299 1352 437 1385 nobilior
465 1353 632 1386 decoratus
988 1356 1093 1386 terras
1118 1354 1301 1396 relinquens
1326 1358 1485 1396 perpetim

298 1400 418 1440 talique
992 1409 1062 1433 cum
1090 1400 1216 1434 Christo

300 1446 400 1480 fultus
424 1448 583 1488 principe.
992 1452 1041 1481 est.
1065 1449 1215 1483 sociatus.

216 1506 276 1539 cta.
302 1505 490 1546 Feliciaque
907 1506 970 1539 4b.
991 1505 1087 1539 Felix
1113 1507 1259 1547 polorum

298 1552 366 1593 poli
391 1562 580 1594 semperque
991 1555 1065 1586 aula
1091 1554 1247 1596 disjungit

299 1602 462 1633 manentia
486 1610 584 1642 regna
611 1605 721 1634 tenens
990 1611 1162 1643 numquam
1188 1604 1306 1636 amicos
1331 1604 1365 1636 in
1390 1606 1508 1640 saecla.

217 1658 274 1691 5a.
302 1657 351 1690 Sit
375 1658 447 1698 pius
474 1658 612 1691 clemens
908 1659 966 1692 5b.
990 1660 1054 1692 Per
1077 1661 1294 1693 interventum

299 1706 499 1746 omnipotens
524 1707 616 1739 nobis
991 1706 1101 1740 Sancti
1126 1709 1301 1750 Saturnini,

300 1757 396 1795 atque
419 1762 532 1794 preces
557 1757 683 1787 nostras
992 1756 1106 1788 summi
1131 1755 1262 1789 almifici

300 1802 490 1834 coelestibus
517 1802 608 1835 donis
990 1804 1124 1845 matyris
1151 1808 1247 1846 atque

298 1853 410 1891 augeat
435 1851 469 1882 in
498 1854 663 1883 aeternum
990 1852 1119 1892 patroni
1145 1853 1328 1894 singularis.

216 1908 276 1940 θα.
302 1907 358 1940 Ad
381 1907 493 1940 limina
517 1911 645 1940 sacrata
907 1909 965 1942 6b.
989 1909 1199 1942 Peccatorum
1223 1911 1351 1943 veniam

301 1956 390 1995 cujus
417 1955 547 1988 veniunt
570 1964 679 1988 omnes
989 1957 1043 1997 pio
1068 1962 1238 1998 poscentes
1264 1960 1370 1991 corde.

217 2012 235 2048 7
244 2021 272 2044 a.
298 2013 489 2052 Adprecatu
907 2014 967 2046 7b.
988 2014 1035 2047 Ut
1061 2016 1232 2056 Olmipum

297 2060 452 2101 benignus
478 2061 596 2093 exaudi
991 2064 1149 2096 scandere
1173 2064 1331 2104 possimus

297 2112 375 2140 vota
399 2107 603 2150 famulorum,
989 2110 1140 2150 profectu
1163 2112 1328 2146 bonorum.

215 2168 270 2200 Sa.
297 2165 434 2197 Veniam
459 2163 643 2209 (concedat)
907 2167 965 2200 8b.
987 2167 1059 2200 Hoc
1083 2168 1175 2201 nobis

296 2216 431 2253 peccato
456 2215 656 2254 poscentium
990 2217 1212 2256 cunctipotens
1237 2217 1360 2250 tribuat

299 2264 481 2294 sanctorum
509 2261 673 2303 auxilium,
990 2264 1160 2297 clementia
1182 2265 1322 2300 Domini

290 2318 314 2346 B
335 2317 385 2346 fol.
410 2315 466 2346 233
487 2318 514 2345 b.
538 2333 577 2337 —
596 2318 621 2346 F
640 2317 690 2346 fol.
713 2316 768 2347 159
789 2319 816 2346 b.
840 2333 877 2337 —
898 2317 955 2355 210,
983 2318 1002 2347 4
1023 2323 1150 2349 resonat.
1173 2336 1207 2341 —
1229 2318 1287 2356 3a,
1314 2321 1334 2350 4
1352 2321 1426 2350 fehlt
1446 2323 1479 2351 F.
1502 2338 1540 2343 -—

212 2357 272 2391 4a,
298 2355 313 2384 1
336 2356 527 2393 Deliciasque
547 2358 639 2385 13.--
659 2355 718 2392 413,
739 2354 757 2384 2
779 2358 863 2385 aulas
885 2358 923 2393 Β·
949 2358 1028 2386 tuias
1049 2359 1083 2387 1:
1102 2375 1141 2379 —
1161 2359 1219 2393 51)
1241 2358 1257 2387 1
1279 2343 1335 2388 ’Per
1354 2361 1540 2390 interventus

211 2397 246 2424 B.
266 2412 304 2416 —
327 2395 381 2429 71),
403 2393 421 2423 3
443 2395 624 2432 pzerfectuF
646 2404 699 2431 pro
720 2395 817 2423 fructu
836 2396 870 2424 B.
891 2411 931 2415 —
950 2395 1003 2430 Sa,
1027 2396 1040 2424 1
1064 2398 1206 2426 concedat
1225 2399 1265 2426 ist
1284 2400 1459 2437 iiberziihlig·
1478 2402 1541 2429 und

210 2435 361 2463 allenfalls
391 2434 581 2463 entbehrlich.
626 2434 883 2463 Wahrscheinlieh
909 2436 950 2463 ist
978 2434 1021 2463 Sa
1044 2436 1213 2474 iiberhaupt.
1236 2410 1459 2476 Interpolation
1480 2440 1541 2468 und
