1655 2637
718 141 977 179 —180—

188 243 267 272 celsa
293 244 326 271 P.
358 260 390 264 —
414 241 464 273 4a,
486 241 505 269 2
531 242 588 270 hae
614 242 745 278 pretiosa
769 240 845 267 GaP.
872 254 910 258 —-
937 235 987 268 5³,
1011 234 1024 263 1
1053 234 1096 261 AC
1123 234 1200 266 (hae)
1225 230 1345 259 fessa-lia
1371 228 1456 256 FLP·
1477 241 1516 245 —

187 282 238 317 za,
259 280 278 310 3
305 282 424 310 refunde
444 280 584 309 DFKLP.
605 294 644 300 —-
663 278 716 309 511.
737 276 755 305 2
781 278 880 306 foveat
900 275 1031 304 CaDLP.
1054 288 1090 292 —-
1109 272 1162 301 7a.
1186 269 1200 298 1
1224 269 1383 298 coelorum
1402 267 1456 294 Ca.
1478 280 1517 284 ——

187 321 204 347 7
213 328 239 354 a,
260 319 280 348 4
300 320 447 349 condonas
469 319 547 349 OaF:
571 318 706 347 condona
724 317 758 346 P.
778 332 816 337 —
835 314 888 349 Va„
910 313 928 343 5
948 322 1001 350 per
1021 312 1206 341 sacramenta
1220 309 1254 336 P.
1275 324 1312 328 —
1334 306 1386 339 71),
1407 305 1425 333 5
1446 304 1516 333 snb-

187 360 248 388 lata
270 359 376 387 CaDL.
396 375 434 379 -
455 357 481 391 9,
501 357 519 386 2
541 356 716 386 resolvenda
736 356 768 383 F.

623 450 684 482 163,
714 450 758 481 De
782 447 889 480 sancto
909 444 1061 478 Martiali.

647 513 678 545 1.
705 511 809 545 Aulae
829 515 988 548 supernae

704 558 758 600 qui
781 557 905 590 resides
931 555 1018 587 celsa

706 607 783 639 sede
807 614 866 646 per
890 603 1007 640 saecla,

214 668 269 699 Za.
295 667 366 699 Rex
393 666 480 706 cujus
504 668 578 698 sunt
602 674 681 698 arva
901 661 960 694 2b.
982 662 1013 692 A
1039 666 1100 699 quo
1128 656 1276 689 constant
1301 655 1417 685 cuncta

296 715 503 754 suppedanea
523 713 596 756 ima,
985 706 1070 739 vasti
1097 703 1195 737 cosmi
1220 704 1318 735 creta.

214 773 270 805 3a.
299 772 394 811 Cujus
419 780 529 803 manus
555 769 671 810 simpla
901 766 960 799 3b.
985 767 1085 803 Quem
1109 761 1289 795 formidant
1313 768 1447 800 summa,

298 819 384 852 orbis
411 818 532 850 claudit
555 817 678 858 pugillo
983 814 1106 852 pavent.
1125 810 1242 849 media,
1266 810 1410 840 tremunt

295 867 409 899 molem
433 868 542 905 totam,
984 863 1016 891 et
1039 857 1160 893 infima.

214 925 271 957 4a.
298 923 457 956 Nectarea
480 922 556 955 audi
580 921 674 962 mela,
901 919 962 952 4b.
986 916 1151 949 Martialis
1175 914 1350 955 praeconia

296 974 407 1004 nostra
431 979 512 1010 quae
537 973 667 1003 caterva
983 964 1122 1005 apostoli
1146 963 1243 1003 digna

295 1019 405 1059 pangit
429 1018 565 1058 pulchra
985 1012 1184 1053 conjubilans

299 1066 441 1106 diploide
465 1069 600 1105 compta,
982 1070 1043 1101 per
1067 1068 1174 1092 annua
1198 1057 1292 1091 festa.

216 1126 271 1157 5a.
297 1124 350 1156 Ex
371 1123 457 1155 tribu
483 1123 569 1155 clara
901 1119 962 1151 5b.
987 1119 1086 1159 Quem
1110 1117 1214 1158 patris
1237 1117 1322 1148 alma

296 1170 503 1210 Benjaminea
984 1169 1092 1207 proles
1115 1166 1159 1198 ad
1184 1174 1272 1196 suam

297 1219 325 1251 is
351 1222 438 1250 ortus
463 1226 615 1259 generosa
984 1214 1123 1247 adscivit
1147 1213 1416 1252 augmentandam

300 1270 348 1298 est
372 1269 497 1299 natura.
984 1262 1208 1294 hierarchiam.

217 1325 272 1357 6a.
298 1325 419 1356 Actore
446 1331 539 1355 sacra
903 1320 961 1353 eb.
986 1319 1127 1359 cumque
1150 1321 1285 1359 peracta

297 1373 446 1403 vescente
471 1379 568 1402 coena
984 1367 1122 1409 mystica
1146 1375 1257 1398 mensa

297 1420 351 1451 hie
374 1416 521 1450 interfuit
987 1415 1134 1448 Christus
1157 1413 1295 1447 alumnis

297 1474 388 1499 sacer
415 1466 558 1506 conviva,
986 1464 1112 1496 lavaret
1135 1463 1273 1503 plantas,

297 1514 390 1555 panis
413 1513 482 1546 vini
985 1520 1139 1551 praesens
1164 1510 1297 1543 adstans

298 1571 421 1603 agapen
445 1561 592 1593 melleam
985 1560 1093 1591 alacer
1115 1559 1248 1592 inventa

298 1609 479 1650 percipiens
987 1607 1131 1640 exhibuit

301 1656 371 1689 heri
397 1657 540 1690 dextera.
985 1655 1177 1696 peditergia.

217 1716 235 1749 7
242 1724 271 1747 a.
298 1714 369 1747 Poli
392 1717 505 1746 tonans
904 1713 962 1746 712.
984 1712 1171 1745 Martialem

299 1762 456 1795 scandens
483 1761 619 1793 culmina
986 1760 1096 1793 beavit
1118 1761 1205 1793 intra

300 1811 375 1843 dum
401 1810 524 1842 dicaret
547 1818 636 1841 suam
986 1810 1152 1842 sistentem
1178 1809 1330 1841 clientum

301 1858 491 1897 clientelam,
988 1857 1132 1898 collegia.

217 1917 273 1950 Sa.
302 1915 396 1948 Coelo
419 1914 516 1947 missa
904 1914 963 1949 8b.
985 1915 1072 1947 Hinc
1098 1915 1243 1948 diversas

299 1963 491 1995 charismata
517 1963 591 1995 diva
987 1961 1058 1995 fans
1083 1972 1139 1995 ore
1162 1964 1307 2004 loquelas

298 2011 405 2043 hausit
427 2014 534 2043 mente
986 2011 1083 2043 Petro
1107 2010 1192 2044 fidus

298 2058 407 2091 indole
427 2059 560 2091 sincera.
988 2062 1038 2090 est
1060 2068 1162 2092 nexus
1189 2060 1320 2102 collega.

217 2119 274 2152 9a.
301 2117 365 2157 Quo
392 2116 472 2148 duce
495 2117 640 2156 Romam,
904 2116 962 2150 9b.
986 2116 1140 2150 Docendo
1165 2122 1279 2151 sancta

300 2163 386 2196 orbis
413 2164 536 2204 cephal,
986 2165 1076 2205 plebi
1095 2165 1172 2205 jura

300 2214 452 2245 commeat
476 2221 550 2244 una.
988 2222 1058 2245 cum
1082 2212 1211 2248 fiducia.

193 2272 276 2305 loa.
300 2270 438 2302 Demum
460 2269 578 2302 herilia
882 2270 964 2305 lOb.
989 2271 1056 2310 Quo
1082 2275 1209 2312 gentem
1233 2273 1393 2305 ethnicam

298 2319 430 2352 Petrum
453 2320 584 2350 monent
607 2318 746 2358 oracula,
984 2320 1143 2352 monendo
1169 2318 1271 2353 faciat
1294 2321 1462 2354 credulum

300 2367 406 2398 mittat
425 2367 546 2406 justum
568 2368 606 2397 ut
629 2366 673 2399 ad
986 2368 1113 2409 sibique
1137 2368 1289 2409 subjugat

300 2414 426 2448 Galliae
449 2413 649 2454 praeclaram
674 2415 757 2454 pati·
1009 2416 1187 2449 rovinoiam
1210 2417 1438 2457 Aqujtanjcam
