1655 2637
722 83 961 120 -69—

201 183 264 216 Ga.
291 181 353 221 Qui
379 191 475 215 cruce
498 185 670 224 perempta

284 230 387 263 hostis
413 231 533 265 callida

283 279 430 312 versutia

896 183 956 218 610.

977 183 1124 225 Fersque
1144 185 1234 215 tuum
1258 183 1385 225 plasma

980 232 1022 264 ad
1048 231 1129 264 coeli
1153 240 1277 263 summa

977 281 1110 320 palatia,

287 326 395 359 infera
981 326 1099 361 florida

289 375 410 415 spolias
437 376 578 408 claustra
981 376 1142 409 collocans
1167 376 1250 408 aula.

205 434 260 466 7a.
289 432 362 465 Jam
387 435 444 465 tua
896 433 952 466 7b.
977 433 1155 475 Supplicat,

284 483 390 512 morte
414 481 520 522 beata,

286 528 424 571 Christe,
449 529 543 569 plebs
568 529 738 569 redempta

203 589 265 622 Sa.
292 586 378 618 Nam
402 587 516 619 salutis
543 595 640 618 causa

288 635 385 667 Ortus
410 637 444 666 te
468 634 556 667 tribu
581 633 669 666 Juda

283 682 335 714 leo
361 685 476 722 potens
502 682 673 715 surrexisti

282 729 319 762 in
343 730 448 770 gloria

287 777 356 810 Nos
378 781 435 810 tua

286 826 430 858 liberans
457 827 600 859 dextera.

200 886 255 918 9a.
284 884 332 916 Te
357 886 413 916 tua
437 882 571 924 familia,

286 931 425 971 Christe,
449 933 604 972 precatur
625 941 690 964 una

171 989 255 1024 loa.
284 988 391 1021 Corda
412 992 525 1022 nostra

280 1045 366 1068 nunc
389 1036 529 1081 vivifica,

281 1084 336 1124 qui
359 1085 507 1124 pandens
532 1085 705 1125 sepulchra

281 1132 343 1163 hac
369 1132 422 1164 die
445 1132 542 1173 plura

170 1190 214 1223 11
224 1200 252 1222 a.
282 1188 416 1229 Semper
439 1190 501 1222 tibi
526 1189 639 1232 gloria,

282 1237 332 1269 cui
357 1237 489 1270 subdita

279 1294 366 1317 mors
391 1288 441 1317 est
464 1289 498 1318 et
518 1285 597 1326 vita,

168 1342 252 1377 12a.
280 1343 441 1376 Universa
468 1343 645 1377 commoda.

277 1390 377 1434 Ergo,
404 1400 463 1423 rex
487 1392 543 1432 pie
568 1390 706 1432 Christe,

276 1438 370 1471 nobis
398 1440 477 1472 dans
502 1439 692 1481 peccamina

277 1487 418 1520 Resolve
441 1492 554 1521 nostra
578 1488 695 1522 omnia.

172 1545 252 1580 13a.
281 1544 453 1577 Paschalia
478 1553 603 1586 quoque

281 1591 367 1625 festa
388 1601 449 1633 per
473 1594 538 1625 ista
563 1602 670 1625 annua

166 1651 249 1685 14a.
280 1649 403 1683 Cuncta
428 1650 508 1682 (lans
535 1651 702 1683 commoda

277 1708 402 1730 summa
426 1707 554 1739 semper
578 1699 730 1731 ministra

277 1747 405 1788 gaudia,

896 586 955 620 8b.

895 883 955 916 9b.

870 988 955 1022 lob.

870 1189 952 1223 111).

869 1344 953 1378 121).

868 1545 950 1579 131).

868 1652 950 1687 14b.

979 482 1065 514 vitae
1088 485 1236 521 tempora

979 533 1125 570 praestes
1151 532 1187 561 ut
1211 530 1329 570 quieta.

976 587 1044 619 Das
1070 586 1186 629 quibus
1210 587 1321 619 munia

977 635 1091 676 Regna
1114 637 1227 675 petens
1253 643 1380 675 supera,

974 684 1071 723 justis
1096 683 1237 715 reddens
1262 682 1419 723 praemia,

975 731 1012 763 in
1035 732 1166 763 saecula

979 779 1117 811 Trutina

980 827 1081 868 exig-is
1106 835 1218 867 aequa.

979 885 1027 918 Ut
1050 884 1191 925 perimas
1217 884 1297 916 vitia

977 941 1094 973 augeas
1121 934 1153 963 et
1174 932 1299 965 merita.

977 989 1097 1023 Tecum
1121 989 1223 1022 multa

976 1040 1107 1077 patrum
1132 1045 1270 1077 corpora

977 1085 1130 1117 revelasti
1153 1087 1210 1117 tua

976 1133 1098 1165 virtute
1121 1133 1214 1166 mira.

975 1190 1123 1223 Potestas
1150 1191 1252 1222 omnis
1280 1190 1356 1223 data

976 1247 1016 1270 ac
1036 1238 1162 1279 judicia

977 1287 1077 1319 eoelis
1102 1288 1136 1317 et
1158 1289 1258 1327 terra,

974 1344 1020 1376 Et
1043 1344 1171 1377 indulta
1195 1345 1291 1376 venia

974 1393 1044 1425 Fac
1068 1396 1175 1425 tecum
1199 1401 1368 1433 resurgere

976 1441 1019 1473 ad
1044 1440 1172 1473 beatam
1198 1441 1343 1484 gloriam,

974 1489 1051 1521 Vita
1075 1487 1255 1521 reformans
1281 1492 1423 1522 aeterna.

974 1546 1139 1587 Suscipias
1164 1549 1286 1588 nostra,

973 1604 1155 1636 precamur,
1181 1595 1372 1631 ministeria.

974 1652 1107 1694 Tuaque
1137 1653 1243 1693 gratia

974 1702 1065 1733 vivat
1088 1701 1182 1742 plebs
1205 1702 1376 1745 redempta

974 1750 1006 1781 in
1034 1749 1142 1782 saecla

565 1805 648 1840 1510.
670 1806 762 1839 Intra
785 1806 934 1847 polorum
961 1811 1068 1840 castra

672 1853 908 1889 laudabillima.

247 1920 299 1950 Cb.
327 1920 377 1948 fol.
398 1919 436 1950 35
459 1929 484 1949 a.
505 1937 546 1941 -—
567 1918 622 1956 la,
649 1920 669 1949 4
690 1925 865 1950 enai-rammi·
878 1922 997 1951 Christi.
1018 1939 1057 1944 —
1077 1922 1127 1958 2a,
1150 1921 1164 1950 1
1181 1923 1267 1952 Evae
1288 1924 1370 1952 fehlt.
1391 1940 1430 1944 —
1449 1923 1504 1960 41),

160 1958 183 1989 6
203 1960 342 1996 resurgit.
363 1976 401 1980 ——
423 1958 498 1995 121³,
529 1958 544 1988 1
566 1959 609 1988 Ut
627 1960 720 1989 durch
746 1961 856 1989 Irrtum
876 1961 927 1989 <les
948 1963 1123 1997 rubricator,
1146 1962 1198 1991 der
1218 1965 1291 1991 statt
1310 1963 1361 1992 (los
1381 1963 1505 1992 kleinen

162 1998 431 2036 vorgezeichneten
452 2008 468 2027 e
489 2000 538 2027 ein
553 1999 583 2028 U
603 2000 745 2028 ausfiihr‘t.
767 2015 806 2019 —
827 1998 895 2036 14a,
920 1998 938 2028 2
958 2003 1118 2031 ministrat.
1140 2017 1180 2022 —
1202 2001 1272 2036 1410,
1295 2001 1313 2030 2
1327 2003 1503 2039 redemptor.

163 2054 202 2058 —
223 2039 284 2066 Die
300 2037 436 2074 Sequenz
456 2040 498 2066 ist
517 2040 584 2067 eine
596 2039 800 2076 Bearbeitung
820 2039 871 2067 des
891 2040 1023 2078 Fulgens
1049 2040 1217 2077 praeclara,
1245 2041 1294 2069 (lie
1320 2040 1422 2078 haufig
1450 2051 1504 2070 vor

159 2077 253 2106 allem
279 2075 324 2105 6a
342 2086 370 2104 u.
393 2076 437 2106 6b
462 2077 514 2106 der
532 2077 664 2106 Melodie
683 2078 768 2107 nicht
786 2078 909 2117 gerecht
927 2080 1009 2115 wird,
1031 2079 1081 2117 Sa,
1103 2077 1121 2108 3
1142 2080 1235 2109 durch
1256 2082 1411 2109 surrexisti
1431 2083 1505 2109 statt

157 2116 292 2145 surrexit·
311 2116 365 2144 das
385 2116 538 2145 Versmass
558 2116 704 2154 sehfidigt.

599 2211 645 2244 57.
686 2211 724 2245 In
743 2212 989 2245 Resurrectione
1010 2213 1070 2246 DN.

725 2287 743 2319 1
750 2314 757 2322 .
783 2286 939 2329 Alleluja‚

863 2344 921 2378 2b.
948 2345 1052 2379 Ganat
1076 2353 1166 2378 mens
1192 2345 1298 2387 proba

946 2403 1028 2428 voce
1048 2392 1218 2428 laudiflua.

157 2344 219 2377 22.
246 2342 403 2384 Quoniam
427 2343 496 2376 vita

244 2392 427 2425 resurrexit
449 2394 572 2434 nostra,
