1655 2637
720 114 984 150 -268-

215 220 270 252 3a.
300 216 359 256 Qui
380 217 467 256 justo
904 210 962 243 31).
987 208 1155 248 Justisque

295 265 412 304 pioque
990 265 1050 296 pro
1076 254 1170 287 bonis

296 310 514 343 moderamine
989 303 1114 336 aeterni
1143 302 1235 343 regni

212 466 262 497 4a

214 617 273 649 5a.

215 770 273 803 6a.

217 971 272 1002 7a.

296 362 326 390 et
351 367 410 397 pro
435 357 577 397 peccatis

296 414 433 446 poenam
457 405 603 445 irrogans

299 463 394 495 Nunc
414 468 457 501 te,
484 461 680 500 redemptor,

296 510 435 551 petimus
460 517 568 541 omnes

295 561 332 590 ut
355 566 414 589 nos
441 565 620 594 conserveS,

300 615 349 647 Tu
375 615 459 647 enim
486 623 518 646 es
544 613 641 654 salus,

298 663 374 704 vita,
399 663 455 695 lux
479 665 636 702 perpetua

296 713 329 742 et
352 710 465 743 mundi
493 710 602 743 decus.

299 768 435 801 Praesta
458 767 551 800 nobis

298 816 463 856 auxilium,

296 866 404 896 rector
428 867 554 904 potenS,
580 870 648 905 rex⁷

298 911 492 944 architectus
516 911 674 950 polorum.

298 968 373 1001 Non
399 977 460 1009 quo
488 968 654 1000 criminum

296 1018 477 1048 nostrorum

906 457 965 491 41).

906 611 967 646 5b.

908 764 968 800 6b.

990 351 1110 392 gaudia
1136 350 1235 382 donat

989 400 1071 431 lucis
1100 398 1287 439 splendida.

988 456 1048 496 Qui
1075 456 1297 497 delinquentes

991 505 1126 545 corrigis
1148 504 1246 545 juste,

988 555 1025 585 ut
1050 554 1290 585 convertantur.

991 610 1038 642 Te
1064 610 1202 642 adorant
1227 609 1331 641 sancti

991 658 1098 699 angeli
1123 658 1313 698 perenniter

990 715 1030 738 ac
1052 707 1133 747 justi
1155 714 1275 738 omnes.

989 763 1056 803 Quo
1082 764 1187 804 adeti

990 820 1172 844 mereamur

993 859 1148 892 coelibem
1173 860 1274 892 vitam

991 908 1178 949 angelorum
1205 915 1331 947 capere.

960 994 967 999 .
991 966 1058 999 Sed
1082 974 1143 1005 pro
1170 968 1296 998 tuorum

993 1014 1149 1046 donorum

299 1072 434 1102 poenam
459 1063 661 1102 recipiamus,
991 1061 1093 1093 vitam
1116 1063 1291 1100 aeternam,
1319 1061 1407 1093 dona

301 1112 385 1142 alme
408 1112 512 1151 pater,
992 1109 1220 1150 praemiorum.

218 1168 273 1200 Sa.
301 1167 395 1200 Nunc
421 1168 568 1207 conjungi
592 1171 716 1200 nostras
908 1166 966 1199 81).
999 1166 1102 1198 Voces
1128 1166 1315 1205 angelorum

219 1224 274 1257 9a.
300 1224 466 1256 Laudibus
494 1223 644 1264 digneris,
910 1223 968 1257 9b.
990 1222 1170 1256 Jubilemus
1198 1223 1237 1254 ei.

299 1274 337 1303 ut
358 1272 421 1303 tibi
443 1272 593 1311 placeant
991 1272 1082 1308 socii,
1108 1271 1301 1310 plaudentes

301 1318 438 1351 Domino
990 1319 1122 1351 vocibus

302 1366 336 1398 in
359 1369 532 1399 aeternum.
989 1366 1143 1406 Alleluja.

194 1424 237 1458 10
247 1433 276 1456 a.
303 1423 427 1456 Reboet
447 1423 601 1463 hymnum
886 1423 968 1457 10b.
991 1423 1054 1462 Qui
1078 1426 1127 1455 est
1152 1431 1193 1455 ex
1214 1426 1307 1464 patre

300 1471 380 1503 haec
404 1471 497 1511 plebs
991 1473 1099 1504 lumen

302 1521 369 1552 toto
395 1520 467 1551 nisu
492 1528 530 1551 ac
989 1519 1189 1555 indeficiens,

193 1672 275 1705 112.

194 1825 275 1859 iza.

196 1931 274 1963 13a.

300 1568 376 1599 totis
400 1567 600 1607 praecordiis

302 1613 429 1647 Christo
453 1615 531 1659 regi,

302 1672 363 1711 Qui
387 1681 498 1705 arvam
524 1672 668 1704 condidit

299 1729 337 1751 ac
359 1723 502 1761 pontum,
531 1720 663 1762 coelum,
690 1722 777 1751 astra

300 1767 466 1808 gubernat.

283 1866 289 1870 Π
301 1824 392 1858 Fave
415 1826 499 1859 votis
525 1825 655 1867 delicta,

300 1872 436 1917 Christe,
463 1873 588 1913 pellens
613 1875 750 1905 tuorum.

302 1931 369 1970 Quo
396 1938 529 1970 capaces
555 1931 696 1962 muneris

302 1976 499 2017 septiformis

298 2025 421 2065 gratiae
446 2024 560 2064 effecti,

885 1672 968 1706 1110.

885 1824 969 1859 121).

886 1930 969 1964 13b.

991 1568 1205 1608 sempiternus
1237 1566 1305 1599 dies

991 1619 1066 1648 ante
1091 1614 1208 1647 saecla.

990 1673 1052 1712 Qui
1079 1673 1119 1704 de
1143 1671 1217 1704 sinu
1240 1672 1345 1712 patris

991 1721 1033 1753 ad
1059 1729 1117 1753 nos
1142 1720 1231 1752 venit
1256 1728 1453 1761 magnusque

992 1769 1192 1808 redemptor.

993 1826 1223 1859 saevissimum
1246 1825 1397 1865 protinus

992 1874 1118 1906 hostem
1142 1882 1217 1906 arce
1244 1873 1444 1914 chelydrum.

993 1930 1195 1971 Respuentes
1218 1929 1329 1963 infima

994 1979 1250 2019 contemplemur

994 2029 1159 2059 aeternam
1181 2026 1334 2066 patriam.

594 2093 650 2125 14.
677 2093 744 2131 Quo
772 2092 868 2125 ducat
891 2092 973 2126 fides
999 2093 1182 2133 splendida,

674 2141 789 2181 iungat
813 2141 954 2174 charitas
976 2145 1099 2181 saneta,

678 2188 806 2220 trinitas
831 2189 893 2221 Dei
918 2191 1058 2221 aeterna.

266 2264 292 2291 A
312 2263 362 2291 fol.
384 2261 422 2291 54
444 2264 472 2292 b.
501 2278 537 2281 —
564 2263 592 2290 D
612 2262 662 2290 fol.
686 2261 741 2291 135
759 2265 787 2293 b.
813 2279 853 2283 —
878 2265 905 2291 L
924 2265 975 2293 fol.
999 2264 1052 2293 141
1075 2267 1104 2294 b.
1124 2281 1163 2285 —
1183 2263 1235 2295 3a.
1255 2265 1271 2293 5
1293 2267 1408 2301 irrogas
1428 2265 1463 2292 A.
1485 2281 1523 2285 —

188 2300 245 2336 31),
267 2302 284 2330 5
304 2301 380 2330 lucis
401 2302 534 2338 praemia
546 2301 610 2328 DL.
631 2317 669 2322 —
689 2301 741 2335 41),
762 2301 780 2330 2
802 2308 906 2338 erogas
920 2303 957 2332 Ι).
977 2318 1018 2323 —-
1036 2301 1088 2338 Sa,
1111 2303 1126 2332 1
1144 2304 1234 2332 Hunc
1247 2305 1312 2340 conj
1406 2303 1470 2331 DL.
1486 2319 1523 2324 -—

189 2339 235 2369 Sa
259 2340 319 2368 unc]
339 2341 357 2368 l)
378 2340 477 2368 fehlen
496 2340 532 2368 D.
561 2354 597 2358 -
626 2338 697 2376 lob,
719 2339 736 2368 5
758 2342 878 2369 saecula
897 2341 960 2369 DL.
988 2357 1027 2362 ——
1056 2341 1125 2376 lla,
1150 2342 1164 2370 1
1187 2351 1260 2371 arva
1281 2343 1317 2370 D.
1348 2356 1382 2360 —
1413 2339 1482 2374 121),
1505 2340 1523 2369 2

191 2388 293 2407 arcens
313 2379 347 2407 A.
368 2394 408 2398 —
429 2379 492 2415 „De
512 2374 645 2414 angelis“
666 2379 712 2413 D3
735 2379 847 2415 „Prosa
867 2379 903 2407 tle
923 2380 1047 2417 planctu.
1065 2382 1152 2418 pueri
1173 2378 1280 2417 capti.‘²
1304 2380 1338 2408 A.
