1655 2637
684 120 923 158 „28-

582 216 610 249 3.
643 215 803 249 Dominica
822 216 837 248 I
856 215 1030 248 Adventus.

672 279 701 310 1.
729 276 823 310 Orbis
849 275 926 317 vita,

148 337 204 369 2a.
232 334 338 368 Patris
364 335 531 376 sapientia,
842 333 896 367 ab.
922 334 1011 366 Ante
1035 334 1151 365 cuncta
1177 334 1287 364 creata

229 384 338 424 proles
363 384 467 424 unica,
919 380 1142 423 primogenita.

148 442 205 475 δα.
231 442 320 482 Quae
342 441 408 473 ima
837 439 897 474 3b.
924 440 1042 472 Velata

230 489 322 522 adire
347 490 488 530 dignata,
921 488 1027 520 norica
1051 486 1174 528 trabea,

232 546 389 570 exornans
413 537 480 578 poli
507 536 655 578 culmina,
919 535 975 576 pia
999 538 1088 567 tacta
1114 533 1295 566 clementia.

147 597 204 629 4a.
233 592 336 636 Quam
359 595 575 627 vaticinantur
599 595 706 634 prisca
836 592 897 626 4b.
925 592 1046 625 Nost-ra
1070 592 1192 634 amplia
1216 592 1363 632 opimans

233 644 383 684 dogmata
919 650 1020 681 opera

231 689 343 723 afflata
367 699 460 723 sacra
484 690 598 731 gratia,
918 689 1039 730 pietate
1064 688 1216 730 propitia.

149 750 205 782 5a.
233 749 300 788 Quo
326 746 430 780 forma
454 752 531 780 nata
836 745 896 780 5b.
925 746 1063 779 Veniens
1089 755 1168 780 arva

232 796 360 837 egregia
920 802 980 834 per
1004 797 1132 827 sacrata

231 843 353 876 eunetis
377 843 451 884 plus
476 843 633 884 speciosa,
920 842 1048 875 viscera
1070 842 1227 884 virginea,

147 903 204 935 Ga.
233 901 343 934 Solvat
368 900 509 932 admissa
535 897 672 942 [nostra]
837 898 895 933 6b.
923 898 968 933 Ut
993 901 1111 940 queant
1135 902 1286 931 serenata

227 949 333 981 omnia
357 949 495 990 piacula,
919 947 1103 980 mortalium
1128 948 1249 980 lumina

606 1005 636 1039 7.
662 1004 752 1037 Inter
778 1006 906 1045 compta

663 1061 724 1093 per
748 1055 880 1085 aeterna

662 1100 773 1133 videre
798 1100 941 1132 sitientia

664 1147 791 1188 agmina
809 1147 916 1180 ideam

665 1195 799 1228 herilem
824 1196 939 1228 saecla.

225 1261 266 1290 Cb
287 1262 337 1290 fol.
353 1261 388 1290 69
407 1263 437 1290 b.
459 1277 496 1282 -—
515 1262 717 1291 Unmittelbar
736 1270 791 1288 vor
807 1261 859 1289 der
874 1260 1015 1297 Sequenz,
1037 1261 1098 1288 und
1112 1263 1169 1289 wie
1182 1262 1238 1289 mit
1251 1261 1407 1290 derselben
1424 1270 1475 1289 zu-

148 1301 403 1338 sammengehfirig
429 1300 532 1328 stehen
553 1300 601 1329 die
620 1301 693 1329 zwei
714 1300 830 1328 Zeilen:
864 1300 1022 1328 Preeamur
1042 1302 1159 1327 nostras
1182 1301 1296 1328 animas
1319 1302 1373 1328 ete.
1414 1300 1474 1328 Die

148 1339 220 1367 aber
242 1339 325 1366 nieht
343 1348 380 1366 zu
399 1338 495 1367 dieser
513 1340 606 1367 Prose
625 1339 768 1375 gehen-en,
790 1338 918 1366 sondern
941 1338 989 1366 die
1008 1337 1184 1374 Einleitung
1206 1347 1244 1366 zu
1265 1339 1330 1366 dem
1350 1341 1476 1367 zweiten

146 1377 212 1405 hier
230 1378 435 1412 beginnenden
453 1377 692 1413 Prosen-C‘yklus
713 1378 763 1405 des
785 1377 1025 1412 Sequentiarium
1043 1376 1169 1413 Rotgeri
1188 1377 1299 1405 bildeu.

579 1472 609 1503 4.
649 1470 809 1503 Dominioa
828 1470 843 1502 Ι
862 1470 1033 1502 Adventus.

150 1533 206 1567 ia.
233 1532 326 1565 Salus
352 1535 492 1571 aeterna
839 1531 898 1565 lb.
924 1532 998 1564 Lux
1023 1531 1223 1571 sempiterna

232 1579 419 1612 indeficiens
922 1583 955 1611 et
979 1579 1158 1619 redemptio

232 1629 343 1661 mundi
366 1629 443 1668 vita,
921 1636 998 1660 vere
1021 1631 1142 1667 nostra,

152 1687 207 1720 2a.
236 1685 416 1719 Gondolens
441 1685 580 1718 humana
839 1685 897 1718 21).
926 1684 999 1718 Non
1024 1685 1150 1726 liquens
1178 1686 1308 1719 excelsa

232 1733 341 1774 perire
365 1734 474 1766 saecla
923 1733 1022 1766 adisti
1044 1733 1111 1766 ima

232 1791 291 1822 per
315 1781 501 1822 temptantis
526 1781 667 1824 numina,
922 1781 1056 1822 propria
1082 1782 1263 1815 clementia.

151 1840 208 1873 3a.
234 1839 313 1871 Mox
336 1843 392 1871 tua
415 1841 592 1879 spontanea
839 1839 898 1873 3b.
927 1839 1014 1879 Quae
1039 1838 1169 1872 fuerant
1192 1840 1324 1881 perdita

234 1887 339 1927 gratia
924 1888 1031 1920 omnia

235 1942 398 1967 assumens
420 1934 560 1966 humana
920 1935 1054 1968 salvasti
1077 1939 1195 1976 terrea,

150 1991 209 2025 42..
234 1992 357 2024 Ferens
382 1992 499 2024 mundo
526 1992 660 2033 gaudia3
840 1992 900 2026 412.
927 1993 1059 2033 Nostra,
1088 1992 1227 2034 Christe,
1254 1995 1361 2038 expia,

234 2042 269 2071 tu
294 2040 415 2071 animas
441 2043 474 2071 et
499 2048 643 2079 corpora,
922 2045 959 2073 ut
981 2041 1149 2080 possideas
1175 2042 1286 2075 lucida

236 2087 342 2119 omnia
365 2086 528 2120 vivificata
929 2091 1055 2122 nosmet
1076 2089 1271 2123 habitacula.

154 2146 210 2178 5a.
235 2143 388 2177 Adventu
411 2144 515 2185 primo
538 2143 680 2185 justifica
842 2146 901 2179 5b.
926 2147 967 2179 Iu
991 2146 1133 2180 secundo
1156 2156 1278 2188 nosque
1302 2148 1418 2182 libera.

152 2203 210 2236 62.
235 2202 292 2241 Ut,
318 2210 390 2234 eum
413 2200 502 2234 faeta
846 2203 905 2237 fib.
933 2204 1061 2245 compti
1085 2205 1171 2236 stola

235 2250 308 2282 luce
331 2258 447 2290 magna
927 2252 1117 2292 incorrupta

232 2298 394 2338 judicabis
420 2297 534 2338 omnia,
926 2309 984 2333 nos
1010 2303 1066 2333 tua
1090 2300 1322 2341 subsequamur

613 2356 644 2389 7.
671 2355 750 2389 Mox
774 2357 910 2399 vestigia

670 2413 858 2446 quoeunque
881 2406 960 2438 visa.
