1655 2637
726 108 984 144 —216—

630 260 696 294 196.
717 260 761 293 De
781 260 888 293 sancto
910 258 1076 300 Stephano.

679 343 709 375 1.
735 341 825 374 Haec
851 344 900 374 est
923 343 1036 373 sancta

738 389 921 422 solemnitas

197 448 252 481 2a.
277 447 322 480 Et
347 448 530 480 veneranda
883 446 943 479 ab.
969 447 1046 486 Ipse
1069 452 1215 483 namque,
1241 443 1277 475 ut

279 495 367 528 beati
965 492 1083 534 gaudia

279 543 433 584 Stephani
459 546 489 575 et
964 540 1146 581 possideret

278 591 474 624 honoranda.
967 588 1126 627 eoelestia,

198 651 254 683 Sa.
282 648 402 682 Christi
426 651 552 680 secutus
579 650 625 679 est
883 647 942 681 310.
963 647 1041 679 Ideo
1067 645 1204 686 adeptus

277 696 423 737 vestigia,
965 697 1014 727 est
1038 692 1190 734 praemia.

195 754 251 787 4a.
278 754 352 787 Jam
375 761 460 785 nune
485 760 558 793 ergo
882 752 940 784 412,
966 751 1017 783 Ao
1040 752 1175 791 precatu

277 801 378 841 ipsius
402 803 548 840 petamus
964 798 1101 840 benigno
1127 798 1232 838 adJ'uti

276 847 435 889 suffragia,
964 847 1160 886 sempiterna

277 898 387 929 nostra
408 896 572 927 solvantur
966 895 1062 935 digne
1087 897 1251 934 captemus

278 944 395 984 debita,
962 950 1103 975 munera.

196 1001 252 1034 δᾶ.
278 1000 343 1034 Ubi
368 1000 532 1033 videamus
557 1008 663 1041 regem
882 999 940 1035 5b.
963 999 1083 1040 Quibus
1108 999 1249 1031 medium
1276 998 1434 1031 eredimus

277 1052 408 1081 aeterna
430 1048 619 1080 reddentem
962 1050 995 1079 te
1019 1046 1102 1089 fore,
1126 1047 1222 1080 beate

277 1096 420 1136 praemia
965 1094 1136 1135 Stephane,

276 1142 478 1184 sequentibus
504 1145 558 1175 tua
966 1146 996 1174 et
1022 1143 1093 1174 luce
1117 1141 1292 1183 fulgentem

276 1191 407 1226 monita,
966 1190 1076 1225 rutila.

194 1250 251 1282 Ga.
277 1248 419 1288 Ideoque
439 1248 606 1288 praecelsa
881 1247 940 1281 eb.
967 1247 1025 1280 Uti
1050 1248 1139 1279 clara
1163 1246 1282 1287 gaudia

275 1298 331 1328 tua
353 1296 559 1336 imploramus
962 1294 1178 1335 percipiamus

279 1343 407 1384 auxilia,
966 1343 1139 1383 splendida

701 1401 732 1433 7.
760 1400 824 1432 Per
848 1400 985 1433 saecula.

270 1476 296 1504 A
322 1475 372 1504 fol.
399 1474 436 1504 48
447 1484 472 1503 a.
493 1490 532 1495 —
551 1476 575 1503 B
595 1475 645 1504 fol.
668 1474 721 1504 156
733 1476 761 1504 b.
784 1490 822 1495 —-
844 1474 868 1511 1,
890 1473 907 1502 2
929 1476 1095 1504 solemnitas
1123 1476 1183 1504 diei
1204 1476 1290 1511 hujus
1310 1475 1344 1503 B.
1365 1490 1403 1494 —
1423 1472 1475 1510 aa,
1501 1473 1514 1501 1

195 1516 306 1542 cunetis
327 1515 491 1542 venerande
511 1515 546 1542 A.
566 1531 603 1535 —
624 1513 679 1550 2b,
702 1513 722 1542 4
744 1515 883 1543 eoelestia
903 1513 977 1542 fehlt
991 1516 1025 1542 A.
1045 1529 1085 1533 —
1104 1513 1155 1548 4a,
1178 1513 1199 1542 4
1218 1514 1317 1542 salvat
1328 1514 1362 1541 B·
1377 1530 1415 1534 ——
1428 1512 1482 1545 41),
1500 1511 1514 1540 1

194 1552 439 1620 ἓῒᾳιέἑῇἓέᾚῖ-
464 1551 515 1586 41),
538 1550 555 1580 2
581 1554 726 1589 benignus
754 1553 786 1580 Β.
812 1567 851 1572 ——
874 1551 928 1588 41),
950 1550 967 1580 3
994 1555 1114 1580 aeterna
1134 1553 1193 1581 AB.
1214 1567 1253 1572 -—-
1276 1552 1329 1585 51),
1351 1551 1368 1581 5
1390 1552 1516 1580 rutilans

627 1693 688 1725 197.
710 1693 754 1725 De
773 1694 880 1725 saneto
901 1692 1068 1734 Stephano.

654 1775 683 1807 1.
712 1774 859 1807 Pretiosa

716 1822 889 1855 candidata

714 1873 891 1911 martyrum
916 1872 1031 1912 turma.

219 1929 276 1960 Za.
301 1927 388 1960 Hinc
412 1926 593 1968 Stephanus
617 1927 733 1960 merita
906 1927 967 1960 ab.
987 1928 1076 1959 Ecce
1098 1927 1231 1967 insuper
1257 1927 1371 1960 aethra

302 1979 488 2008 consecutus
990 1975 1168 2016 gavisurus.

220 2034 276 2067 3a.
300 2032 324 2065 Ο
351 2041 444 2072 quam
469 2042 607 2075 amarus,
907 2032 967 2066 eb.
991 2033 1016 2066 Ο
1044 2042 1138 2073 quam
1163 2032 1288 2073 infelix,

301 2079 415 2112 infelix
439 2080 572 2123 Judaea,
991 2080 1189 2121 Stephanum
1211 2081 1386 2114 Dominum

300 2129 439 2168 populus
464 2128 627 2161 Christum
652 2130 823 2171 denegans,
990 2128 1196 2161 confitentem
1220 2129 1418 2170 lapidarunt.

219 2187 275 2220 4a.
302 2185 401 2218 Facie
426 2185 542 2217 decora
906 2186 966 2220 410.
989 2187 1184 2227 Assumptus
1208 2188 1243 2219 in
1266 2187 1389 2226 aethra,

302 2236 338 2265 ut
363 2233 503 2275 angelus,
990 2234 1109 2275 gaudet
1133 2235 1229 2268 tellus

303 2282 391 2314 velut
415 2290 559 2313 rosarum
585 2281 673 2314 color
995 2283 1036 2315 de
1060 2291 1189 2315 suorum
1214 2283 1368 2324 praemia.

222 2341 277 2372 52.
302 2340 408 2372 Adest
432 2339 501 2371 dies
525 2347 619 2372 saera
911 2340 969 2374 5⁷0.
991 2340 1117 2373 Rutilat
1137 2348 1200 2381 per
1220 2340 1331 2373 orbem

303 2390 335 2419 et
359 2387 454 2420 valde
478 2387 657 2430 praeclara,
990 2388 1147 2421 hodierna
1174 2388 1252 2429 dies,
