1655 2637
255 276 311 309 2a.

256 387 312 421 3a.

258 595 314 628 4a.

252 706 308 738 5a.

251 816 308 848 6a.

250 924 306 957 7a.

252 988 307 1020 8a.

251 1146 306 1178 9a.

225 1303 304 1336 10a.

224 1413 304 1445 lia.

222 1523 302 1556 123.

227 1728 307 1761 13a.

224 1838 302 1871 142.

222 1948 265 1981 15
276 1956 305 1981 a.

224 2059 302 2091 lea.

224 2120 304 2153 17a.

225 2231 304 2265 1821.

222 2343 265 2376 19
275 2350 303 2373 a.

223 2454 303 2487 2022.

756 180 1020 216 —114—

338 273 391 308 Ex
416 286 476 317 quo
502 278 614 310 ordine

338 326 428 357 tanta
453 334 504 358 res

338 387 477 420 Vocibus
503 387 579 421 fidei

341 436 481 468 dicamus

337 493 375 515 ac
401 485 515 517 devote
544 486 712 518 recitemus

337 532 512 565 harmonia.

341 595 461 627 Missus
486 604 578 627 sacer
602 605 622 627 a
646 595 792 635 supernis

336 644 378 675 ad
403 643 541 675 Mariam
567 644 697 684 angelus

334 706 415 744 Ave,
441 705 531 746 virgo
557 705 705 746 gloriosa,

332 752 429 792 plena
453 752 515 785 Dei
540 753 653 793 gratia.

335 814 458 854 Regum
483 823 540 846 rex
567 814 748 854 egredietur

333 865 365 893 et
391 862 431 894 de
455 866 508 894 tuo
534 865 624 894 utero

333 924 384 956 En
410 925 569 964 concipies
596 927 625 956 et

335 988 433 1025 Quem
458 988 535 1019 solis
558 986 643 1019 radii

334 1038 430 1074 atque
454 1035 530 1066 luna

331 1083 439 1113 tremit
464 1091 570 1119 aurea,

334 1143 425 1176 Haec
448 1144 510 1176 'Dei
536 1144 648 1185 angelo

330 1192 536 1232 prosequenti

331 1240 420 1280 virgo
447 1239 584 1272 credidit

331 1301 474 1333 Modulis
499 1302 606 1341 itaque

335 1349 481 1381 dulcibus
508 1352 538 1381 et
573 1350 718 1382 consonis

332 1410 435 1450 Salve,
461 1420 588 1452 semper
610 1411 790 1450 benedicta,

331 1459 436 1497 dicite,
464 1468 641 1499 puerpera3

329 1521 396 1553 Nos
423 1530 546 1561 quoque

329 1569 500 1611 supplices,
527 1572 563 1601 ut

328 1617 477 1657 placeant
504 1620 613 1649 nostra
640 1622 750 1650 cantus

330 1665 491 1705 obsequia,

335 1726 359 1759 Ο
386 1726 501 1766 Maria,
529 1727 707 1767 puellarum

329 1775 469 1806 omnium
495 1775 706 1814 sanctissima÷

330 1837 413 1869 Vide
440 1838 547 1869 clades
572 1837 764 1870 famulorum

329 1888 424 1925 atque
447 1886 662 1923 contumelias,

331 1946 424 1979 Justa
450 1948 568 1988 quippe
593 1957 649 1980 nos
676 1946 812 1981 forensis

326 1996 509 2035 jugulamur
535 1995 667 2038 framea,

330 2057 479 2098 Telisque
503 2058 643 2098 propriis

332 2118 488 2151 Gentibus
514 2120 678 2152 caedimur

330 2167 471 2207 undique
497 2168 763 2209 opprimentibus,

329 2229 372 2262 Et
397 2230 471 2270 quia
496 2229 622 2261 tibimet
645 2234 757 2264 nostra

329 2281 418 2318 patet
444 2278 647 2318 negligentia.

332 2339 495 2372 Scelerum
518 2341 659 2372 maculas

330 2389 423 2421 delue
451 2389 623 2429 propitius,

330 2452 445 2484 Redde
469 2461 574 2484 mores
599 2452 795 2492 innocentes,

330 2503 419 2533 actus
445 2500 565 2542 probos
590 2501 710 2542 ingere,

940 275 999 311 210.

942 386 999 421 31).

939 592 999 626 41).

940 702 997 737 51).

939 812 996 847 61).

939 1141 999 1176 9b.

913 1299 995 1334 10b.

913 1412 955 1444 11
966 1409 995 1441 b.

914 1519 995 1554 121).

914 1728 956 1760 13
965 1725 996 1760 b.

915 1837 998 1871 141).

914 1947 999 1982 151).

916 2058 998 2093 161).

915 2120 998 2155 171).

916 2230 999 2265 181).

916 2343 959 2376 19
968 2341 1000 2374 b.

918 2451 1003 2486 2011.

1024 275 1221 317 Dignissima

1025 327 1116 365 gesta
1142 326 1200 366 est,

1026 385 1158 419 Cithara
1179 384 1278 419 faciat

1024 443 1141 466 sonora

1024 482 1201 523 genitorem
1227 482 1398 515 salvatoris

1023 530 1147 562 relatio.

1024 591 1180 624 Castitate
1208 592 1388 633 pubertatis

1024 640 1118 672 dictis
1144 640 1193 672 his
1219 640 1334 673 affatus
1361 644 1426 672 est:

1022 701 1178 742 Spiritum
1206 703 1350 735 divinum
1373 706 1428 735 tua

1022 749 1111 782 bibet
1135 751 1328 783 innocentia.

1020 813 1196 852 Tamquam
1222 822 1358 853 sponsus
1385 814 1548 853 speciosus

1023 861 1063 893 de
1089 860 1187 892 cubili
1211 862 1354 901 proprio.

992 950 999 955 .
1021 922 1133 954 Paries
1158 920 1270 961 filium,

989 1007 996 1013 .
1018 984 1129 1024 Pelagi
1154 986 1298 1016 metuunt

1020 1035 1116 1071 atque
1141 1034 1247 1063 terrae

1019 1079 1208 1112 substantia.

1022 1141 1067 1173 Et
1091 1142 1203 1175 ι16511111
1229 1141 1386 1173 hominem

1019 1192 1114 1229 atque
1139 1198 1250 1221 verum

1017 1236 1122 1269 Deum
1146 1238 1285 1278 peperit.

1020 1300 1167 1332 Omnium
1191 1298 1250 1332 filii

1020 1348 1210 1380 conlaudate
1236 1347 1402 1388 virginem.

1019 1409 1069 1442 Tu
1093 1410 1218 1450 papilla
1242 1410 1347 1442 Deum
1372 1413 1513 1442 nostrum

1020 1458 1129 1490 aluisti
1153 1459 1266 1490 lactea.

1020 1519 1154 1552 Talibus

1019 1572 1114 1608 atque
1136 1577 1269 1608 precum

1019 1616 1127 1648 verbis
1152 1616 1208 1656 pia
1232 1617 1403 1656 loquamur

1019 1664 1206 1698 clementia:

1021 1728 1107 1765 Quae
1133 1730 1297 1759 tonantem
1323 1727 1409 1758 inter
1433 1736 1526 1759 saera

1020 1774 1175 1815 bajulasti
1196 1776 1332 1815 viscera,

1021 1837 1105 1877 Quas
1130 1846 1190 1877 pro
1216 1838 1285 1870 vita
1311 1837 1482 1870 criminosa

1021 1885 1163 1925 patimur
1186 1886 1343 1918 assiduas.

1024 1949 1108 1986 Quas
1133 1948 1262 1980 interna
1286 1957 1359 1980 reos
1384 1949 1497 1981 mortis

1021 1994 1099 2027 facit
1126 1996 1331 2028 conscientia.

1022 2057 1173 2090 Graviter
1198 2059 1299 2091 saucii

1020 2120 1175 2152 Barbaris
1199 2121 1346 2153 manibus

1023 2169 1179 2208 captivati
1206 2169 1426 2202 distrahimur.

1021 2232 1142 2271 Argue,
1169 2232 1311 2274 increpa,
1339 2235 1430 2263 tanta

1022 2288 1115 2311 sanes
1140 2279 1189 2311 uti
1214 2280 1358 2313 vulnera.

1022 2342 1172 2375 Hostium
1197 2342 1304 2374 valeat

1021 2393 1058 2421 ut
1083 2399 1163 2430 quas
1186 2390 1273 2422 salus
1298 2390 1434 2430 proelia.

1024 2452 1070 2485 Ut
1096 2453 1254 2485 laetantes
1280 2453 1480 2487 celebremus

1025 2499 1109 2533 festa
1133 2501 1223 2541 pacis
1247 2501 1369 2535 inclita.
