<?xml version="1.0" encoding="UTF-8"?>
<!DOCTYPE html PUBLIC "-//W3C//DTD XHTML 1.0 Transitional//EN"
    "http://www.w3.org/TR/xhtml1/DTD/xhtml1-transitional.dtd">
<html xmlns="http://www.w3.org/1999/xhtml" xml:lang="en" lang="en">
 <head>
  <title>
</title>
<meta http-equiv="Content-Type" content="text/html;charset=utf-8" />
  <meta name='ocr-system' content='tesseract 3.04.00' />
  <meta name='ocr-capabilities' content='ocr_page ocr_carea ocr_par ocr_line ocrx_word'/>
</head>
<body>
  <div class='ocr_page' id='page_1' title='image "./analectahymnica07drevuoft_00090.png"; bbox 0 0 1655 2637; ppageno 0'>
   <div class='ocr_carea' id='block_1_1' title="bbox 712 97 952 133">
    <p class='ocr_par' dir='ltr' id='par_1_1' title="bbox 712 97 952 133">
     <span class='ocr_line' id='line_1_1' title="bbox 712 97 952 133; baseline 0 -12"><span class='ocrx_word' id='word_1_1' title='bbox 712 97 952 133; x_wconf 53' lang='grc'>,83-</span> 
     </span>
    </p>
   </div>
   <div class='ocr_carea' id='block_1_2' title="bbox 158 191 1409 888">
    <p class='ocr_par' dir='ltr' id='par_1_2' title="bbox 158 191 1364 390">
     <span class='ocr_line' id='line_1_2' title="bbox 158 191 1225 236; baseline 0.003 -11"><span class='ocrx_word' id='word_1_2' title='bbox 158 193 217 225; x_wconf 83' lang='grc'>20.</span> <span class='ocrx_word' id='word_1_3' title='bbox 243 191 316 224; x_wconf 84' lang='lat' dir='ltr'>Jam</span> <span class='ocrx_word' id='word_1_4' title='bbox 342 194 493 236; x_wconf 82' lang='lat' dir='ltr'>surrexit,</span> <span class='ocrx_word' id='word_1_5' title='bbox 939 195 1046 228; x_wconf 80' lang='lat' dir='ltr'>adhue</span> <span class='ocrx_word' id='word_1_6' title='bbox 1068 204 1129 236; x_wconf 86' lang='lat' dir='ltr'>per</span> <span class='ocrx_word' id='word_1_7' title='bbox 1154 204 1225 227; x_wconf 85' lang='lat' dir='ltr'>eum</span> 
     </span>
     <span class='ocr_line' id='line_1_3' title="bbox 239 241 1167 283; baseline 0.006 -11"><span class='ocrx_word' id='word_1_8' title='bbox 239 241 307 281; x_wconf 67' lang='lat' dir='ltr'>⁸iam</span> <span class='ocrx_word' id='word_1_9' title='bbox 332 249 367 273; x_wconf 89' lang='lat' dir='ltr'>se</span> <span class='ocrx_word' id='word_1_10' title='bbox 392 241 544 283; x_wconf 78' lang='lat' dir='ltr'><strong>ostendit,</strong></span> <span class='ocrx_word' id='word_1_11' title='bbox 937 246 1167 278; x_wconf 78' lang='lat' dir='ltr'>resurrectura.</span> 
     </span>
     <span class='ocr_line' id='line_1_4' title="bbox 239 289 1355 343; baseline 0.012 -23"><span class='ocrx_word' id='word_1_12' title='bbox 239 289 308 343; x_wconf 55' lang='lat' dir='ltr'>jani</span> <span class='ocrx_word' id='word_1_13' title='bbox 334 292 521 322; x_wconf 83' lang='lat' dir='ltr'>cunctorum</span> <span class='ocrx_word' id='word_1_14' title='bbox 546 299 604 322; x_wconf 79' lang='lat' dir='ltr'>ora</span> <span class='ocrx_word' id='word_1_15' title='bbox 855 302 912 336; x_wconf 84' lang='lat'>23.</span> <span class='ocrx_word' id='word_1_16' title='bbox 938 301 1023 334; x_wconf 88' lang='lat' dir='ltr'>Dole</span> <span class='ocrx_word' id='word_1_17' title='bbox 1047 304 1080 332; x_wconf 87' lang='lat' dir='ltr'>et</span> <span class='ocrx_word' id='word_1_18' title='bbox 1103 310 1194 343; x_wconf 79' lang='lat' dir='ltr'><strong>ange,</strong></span> <span class='ocrx_word' id='word_1_19' title='bbox 1221 300 1355 342; x_wconf 78' lang='lat' dir='ltr'>Judaea,</span> 
     </span>
     <span class='ocr_line' id='line_1_5' title="bbox 243 336 1364 390; baseline 0.002 -20"><span class='ocrx_word' id='word_1_20' title='bbox 243 337 361 370; x_wconf 78' lang='lat' dir='ltr'>volltat</span> <span class='ocrx_word' id='word_1_21' title='bbox 382 338 465 370; x_wconf 82' lang='lat' dir='ltr'>haec</span> <span class='ocrx_word' id='word_1_22' title='bbox 489 336 592 370; x_wconf 76' lang='lat' dir='ltr'><strong>fama:</strong></span> <span class='ocrx_word' id='word_1_23' title='bbox 939 359 1021 390; x_wconf 62' lang='lat' dir='ltr'>quae</span> <span class='ocrx_word' id='word_1_24' title='bbox 1045 349 1179 382; x_wconf 67' lang='lat' dir='ltr'>amisisti</span> <span class='ocrx_word' id='word_1_25' title='bbox 1206 349 1364 390; x_wconf 69' lang='lat' dir='ltr'>quondam</span> 
     </span>
    </p>

    <p class='ocr_par' dir='ltr' id='par_1_3' title="bbox 159 396 1292 640">
     <span class='ocr_line' id='line_1_6' title="bbox 159 396 1292 440; baseline -0.004 -8"><span class='ocrx_word' id='word_1_26' title='bbox 159 401 217 434; x_wconf 85' lang='lat'>21.</span> <span class='ocrx_word' id='word_1_27' title='bbox 245 400 341 432; x_wconf 81' lang='lat' dir='ltr'><strong>Nunc</strong></span> <span class='ocrx_word' id='word_1_28' title='bbox 366 401 536 440; x_wconf 79' lang='lat' dir='ltr'>exsultent,</span> <span class='ocrx_word' id='word_1_29' title='bbox 937 398 1057 430; x_wconf 80' lang='lat' dir='ltr'>misera</span> <span class='ocrx_word' id='word_1_30' title='bbox 1080 399 1219 429; x_wconf 79' lang='lat' dir='ltr'>tutorem</span> <span class='ocrx_word' id='word_1_31' title='bbox 1244 396 1292 428; x_wconf 85' lang='lat' dir='ltr'>tui</span> 
     </span>
     <span class='ocr_line' id='line_1_7' title="bbox 245 444 1123 489; baseline 0.002 -9"><span class='ocrx_word' id='word_1_32' title='bbox 245 448 415 489; x_wconf 83' lang='lat' dir='ltr'>epulentur</span> <span class='ocrx_word' id='word_1_33' title='bbox 439 449 547 481; x_wconf 83' lang='lat' dir='ltr'>omnia</span> <span class='ocrx_word' id='word_1_34' title='bbox 939 444 1123 478; x_wconf 73' lang='lat' dir='ltr'>fornicaria·</span> 
     </span>
     <span class='ocr_line' id='line_1_8' title="bbox 243 496 1192 545; baseline 0.002 -17"><span class='ocrx_word' id='word_1_35' title='bbox 243 496 294 528; x_wconf 86' lang='lat' dir='ltr'>sui</span> <span class='ocrx_word' id='word_1_36' title='bbox 318 496 554 529; x_wconf 82' lang='lat' dir='ltr'>resurrectione</span> <span class='ocrx_word' id='word_1_37' title='bbox 854 502 910 536; x_wconf 76' lang='lat'>24,</span> <span class='ocrx_word' id='word_1_38' title='bbox 936 502 1021 534; x_wconf 81' lang='lat' dir='ltr'>Redi</span> <span class='ocrx_word' id='word_1_39' title='bbox 1042 502 1084 535; x_wconf 71' lang='lat' dir='ltr'>ad</span> <span class='ocrx_word' id='word_1_40' title='bbox 1111 511 1192 545; x_wconf 73' lang='lat' dir='ltr'>eum⁷</span> 
     </span>
     <span class='ocr_line' id='line_1_9' title="bbox 245 544 1191 590; baseline 0.007 -14"><span class='ocrx_word' id='word_1_41' title='bbox 245 544 367 577; x_wconf 87' lang='lat' dir='ltr'>domini</span> <span class='ocrx_word' id='word_1_42' title='bbox 390 546 475 577; x_wconf 81' lang='lat' dir='ltr'>tanti</span> <span class='ocrx_word' id='word_1_43' title='bbox 939 550 992 590; x_wconf 88' lang='lat' dir='ltr'>qui</span> <span class='ocrx_word' id='word_1_44' title='bbox 1017 553 1050 582; x_wconf 86' lang='lat' dir='ltr'>te</span> <span class='ocrx_word' id='word_1_45' title='bbox 1076 549 1191 582; x_wconf 79' lang='lat' dir='ltr'>dilexit</span> 
     </span>
     <span class='ocr_line' id='line_1_10' title="bbox 245 592 1232 640; baseline 0.008 -17"><span class='ocrx_word' id='word_1_46' title='bbox 245 592 489 633; x_wconf 51' lang='lat' dir='ltr'>congaudenti&amp;</span> <span class='ocrx_word' id='word_1_47' title='bbox 937 597 977 629; x_wconf 80' lang='lat' dir='ltr'>ab</span> <span class='ocrx_word' id='word_1_48' title='bbox 1004 598 1232 640; x_wconf 82' lang='lat' dir='ltr'>adolescentia,</span> 
     </span>
    </p>

    <p class='ocr_par' dir='ltr' id='par_1_4' title="bbox 159 645 1409 888">
     <span class='ocr_line' id='line_1_11' title="bbox 159 645 1400 695; baseline -0.006 -9"><span class='ocrx_word' id='word_1_49' title='bbox 159 655 215 688; x_wconf 87' lang='lat'>22.</span> <span class='ocrx_word' id='word_1_50' title='bbox 241 654 367 695; x_wconf 81' lang='lat' dir='ltr'><strong>Lauda,</strong></span> <span class='ocrx_word' id='word_1_51' title='bbox 395 654 509 695; x_wconf 74' lang='lat' dir='ltr'>jubila,</span> <span class='ocrx_word' id='word_1_52' title='bbox 937 655 997 686; x_wconf 84' lang='lat' dir='ltr'>quo</span> <span class='ocrx_word' id='word_1_53' title='bbox 1023 645 1188 678; x_wconf 79' lang='lat' dir='ltr'>nobiscum</span> <span class='ocrx_word' id='word_1_54' title='bbox 1211 647 1255 679; x_wconf 85' lang='lat' dir='ltr'>sis</span> <span class='ocrx_word' id='word_1_55' title='bbox 1281 656 1400 687; x_wconf 82' lang='lat' dir='ltr'>sponsa</span> 
     </span>
     <span class='ocr_line' id='line_1_12' title="bbox 242 702 1323 746; baseline 0.003 -13"><span class='ocrx_word' id='word_1_56' title='bbox 242 702 355 744; x_wconf 80' lang='lat' dir='ltr'><strong>hymni</strong></span> <span class='ocrx_word' id='word_1_57' title='bbox 380 706 413 734; x_wconf 87' lang='lat' dir='ltr'>et</span> <span class='ocrx_word' id='word_1_58' title='bbox 438 703 575 735; x_wconf 80' lang='lat' dir='ltr'>decanta</span> <span class='ocrx_word' id='word_1_59' title='bbox 853 703 909 736; x_wconf 79' lang='lat'>25.</span> <span class='ocrx_word' id='word_1_60' title='bbox 936 703 1029 746; x_wconf 79' lang='lat' dir='ltr'><strong>Ejus,</strong></span> <span class='ocrx_word' id='word_1_61' title='bbox 1053 704 1109 743; x_wconf 77' lang='lat' dir='ltr'>qui</span> <span class='ocrx_word' id='word_1_62' title='bbox 1134 713 1206 736; x_wconf 85' lang='lat' dir='ltr'>cum</span> <span class='ocrx_word' id='word_1_63' title='bbox 1228 707 1323 745; x_wconf 81' lang='lat' dir='ltr'>patre</span> 
     </span>
     <span class='ocr_line' id='line_1_13' title="bbox 242 749 1245 793; baseline 0.003 -11"><span class='ocrx_word' id='word_1_64' title='bbox 242 749 336 791; x_wconf 81' lang='lat' dir='ltr'>plebs</span> <span class='ocrx_word' id='word_1_65' title='bbox 358 759 444 783; x_wconf 83' lang='lat' dir='ltr'>nune</span> <span class='ocrx_word' id='word_1_66' title='bbox 468 753 503 782; x_wconf 83' lang='lat' dir='ltr'>tu</span> <span class='ocrx_word' id='word_1_67' title='bbox 529 749 721 793; x_wconf 76' lang='lat' dir='ltr'>Christiana,</span> <span class='ocrx_word' id='word_1_68' title='bbox 938 754 971 782; x_wconf 88' lang='lat' dir='ltr'>et</span> <span class='ocrx_word' id='word_1_69' title='bbox 994 752 1111 792; x_wconf 81' lang='lat' dir='ltr'>spiritu</span> <span class='ocrx_word' id='word_1_70' title='bbox 1134 755 1245 785; x_wconf 83' lang='lat' dir='ltr'>sancto</span> 
     </span>
     <span class='ocr_line' id='line_1_14' title="bbox 245 799 1316 841; baseline 0.002 -11"><span class='ocrx_word' id='word_1_71' title='bbox 245 807 316 831; x_wconf 85' lang='lat' dir='ltr'>cum</span> <span class='ocrx_word' id='word_1_72' title='bbox 339 799 467 832; x_wconf 85' lang='lat' dir='ltr'>Christo</span> <span class='ocrx_word' id='word_1_73' title='bbox 489 802 686 831; x_wconf 82' lang='lat' dir='ltr'>commortua</span> <span class='ocrx_word' id='word_1_74' title='bbox 936 809 1017 831; x_wconf 88' lang='lat' dir='ltr'>unus</span> <span class='ocrx_word' id='word_1_75' title='bbox 1042 799 1123 833; x_wconf 88' lang='lat' dir='ltr'>vivit</span> <span class='ocrx_word' id='word_1_76' title='bbox 1146 804 1178 832; x_wconf 88' lang='lat' dir='ltr'>et</span> <span class='ocrx_word' id='word_1_77' title='bbox 1202 803 1316 841; x_wconf 82' lang='lat' dir='ltr'>regnat</span> 
     </span>
     <span class='ocr_line' id='line_1_15' title="bbox 243 846 1409 888; baseline 0.002 -10"><span class='ocrx_word' id='word_1_78' title='bbox 243 849 276 878; x_wconf 88' lang='lat' dir='ltr'>et</span> <span class='ocrx_word' id='word_1_79' title='bbox 300 846 533 886; x_wconf 67' lang='lat' dir='ltr'>convivificam,</span> <span class='ocrx_word' id='word_1_80' title='bbox 936 846 1024 879; x_wconf 87' lang='lat' dir='ltr'>Deus</span> <span class='ocrx_word' id='word_1_81' title='bbox 1047 856 1106 888; x_wconf 85' lang='lat' dir='ltr'>per</span> <span class='ocrx_word' id='word_1_82' title='bbox 1132 852 1250 882; x_wconf 60' lang='lat' dir='ltr'>cuneta.</span> <span class='ocrx_word' id='word_1_83' title='bbox 1270 849 1409 881; x_wconf 77' lang='lat' dir='ltr'>saecula.</span> 
     </span>
    </p>
   </div>
   <div class='ocr_carea' id='block_1_3' title="bbox 151 899 1492 2099">
    <p class='ocr_par' dir='ltr' id='par_1_5' title="bbox 154 899 1491 1247">
     <span class='ocr_line' id='line_1_16' title="bbox 234 899 1488 940; baseline 0.001 -11"><span class='ocrx_word' id='word_1_84' title='bbox 234 903 260 930; x_wconf 76' lang='lat' dir='ltr'><strong>F</strong></span> <span class='ocrx_word' id='word_1_85' title='bbox 279 901 331 930; x_wconf 82' lang='lat' dir='ltr'>fol.</span> <span class='ocrx_word' id='word_1_86' title='bbox 352 900 389 930; x_wconf 86' lang='grc'>’78</span> <span class='ocrx_word' id='word_1_87' title='bbox 397 911 424 930; x_wconf 80' lang='lat' dir='ltr'>a.</span> <span class='ocrx_word' id='word_1_88' title='bbox 443 918 483 923; x_wconf 77' lang='lat'>—-</span> <span class='ocrx_word' id='word_1_89' title='bbox 503 903 533 930; x_wconf 81' lang='lat' dir='ltr'><strong>K</strong></span> <span class='ocrx_word' id='word_1_90' title='bbox 550 902 603 930; x_wconf 80' lang='lat' dir='ltr'>fol.</span> <span class='ocrx_word' id='word_1_91' title='bbox 623 899 678 931; x_wconf 79' lang='lat'>163</span> <span class='ocrx_word' id='word_1_92' title='bbox 687 910 714 930; x_wconf 83' lang='lat' dir='ltr'>a.</span> <span class='ocrx_word' id='word_1_93' title='bbox 733 918 772 923; x_wconf 83' lang='lat'>-—</span> <span class='ocrx_word' id='word_1_94' title='bbox 791 903 825 930; x_wconf 88' lang='lat' dir='ltr'>M</span> <span class='ocrx_word' id='word_1_95' title='bbox 843 902 895 931; x_wconf 79' lang='lat' dir='ltr'>fol.</span> <span class='ocrx_word' id='word_1_96' title='bbox 915 900 971 930; x_wconf 77' lang='lat'>241</span> <span class='ocrx_word' id='word_1_97' title='bbox 982 903 1011 931; x_wconf 86' lang='lat' dir='ltr'>b.</span> <span class='ocrx_word' id='word_1_98' title='bbox 1032 917 1070 923; x_wconf 78' lang='lat'>-—</span> <span class='ocrx_word' id='word_1_99' title='bbox 1090 903 1114 930; x_wconf 82' lang='lat' dir='ltr'>P</span> <span class='ocrx_word' id='word_1_100' title='bbox 1134 904 1186 932; x_wconf 76' lang='lat' dir='ltr'>fol.</span> <span class='ocrx_word' id='word_1_101' title='bbox 1206 903 1243 932; x_wconf 80' lang='lat'>65</span> <span class='ocrx_word' id='word_1_102' title='bbox 1253 912 1279 931; x_wconf 79' lang='lat' dir='ltr'>a.</span> <span class='ocrx_word' id='word_1_103' title='bbox 1299 919 1337 923; x_wconf 92' lang='lat'>—</span> <span class='ocrx_word' id='word_1_104' title='bbox 1357 902 1385 940; x_wconf 83' lang='lat'>2,</span> <span class='ocrx_word' id='word_1_105' title='bbox 1405 901 1424 932; x_wconf 81' lang='lat'><strong>3</strong></span> <span class='ocrx_word' id='word_1_106' title='bbox 1444 912 1488 940; x_wconf 79' lang='lat' dir='ltr'>sq.</span> 
     </span>
     <span class='ocr_line' id='line_1_17' title="bbox 159 938 1491 978; baseline 0.002 -9"><span class='ocrx_word' id='word_1_107' title='bbox 159 941 240 969; x_wconf 82' lang='lat' dir='ltr'>ultra</span> <span class='ocrx_word' id='word_1_108' title='bbox 260 940 339 978; x_wconf 84' lang='lat' dir='ltr'>quod</span> <span class='ocrx_word' id='word_1_109' title='bbox 358 941 415 968; x_wconf 85' lang='lat' dir='ltr'>fari</span> <span class='ocrx_word' id='word_1_110' title='bbox 435 940 502 969; x_wconf 87' lang='lat' dir='ltr'>MP.</span> <span class='ocrx_word' id='word_1_111' title='bbox 524 956 563 960; x_wconf 85' lang='lat'><strong>—</strong></span> <span class='ocrx_word' id='word_1_112' title='bbox 582 939 609 977; x_wconf 79' lang='lat'>2,</span> <span class='ocrx_word' id='word_1_113' title='bbox 633 940 650 969; x_wconf 83' lang='lat'><em>5</em></span> <span class='ocrx_word' id='word_1_114' title='bbox 670 940 779 977; x_wconf 84' lang='lat' dir='ltr'>lepida.</span> <span class='ocrx_word' id='word_1_115' title='bbox 800 956 838 960; x_wconf 91' lang='lat'>—-</span> <span class='ocrx_word' id='word_1_116' title='bbox 858 938 885 974; x_wconf 80' lang='lat'><strong>3,</strong></span> <span class='ocrx_word' id='word_1_117' title='bbox 906 938 924 968; x_wconf 87' lang='lat'>3</span> <span class='ocrx_word' id='word_1_118' title='bbox 942 941 1032 976; x_wconf 83' lang='lat' dir='ltr'>jubar</span> <span class='ocrx_word' id='word_1_119' title='bbox 1051 941 1145 970; x_wconf 69' lang='lat' dir='ltr'>KMZP.</span> <span class='ocrx_word' id='word_1_120' title='bbox 1166 958 1205 962; x_wconf 92' lang='lat'><strong>—</strong></span> <span class='ocrx_word' id='word_1_121' title='bbox 1224 942 1251 977; x_wconf 84' lang='lat'>4,</span> <span class='ocrx_word' id='word_1_122' title='bbox 1275 941 1286 969; x_wconf 94' lang='lat' dir='ltr'>l</span> <span class='ocrx_word' id='word_1_123' title='bbox 1312 942 1491 971; x_wconf 79' lang='lat' dir='ltr'>moderanda</span> 
     </span>
     <span class='ocr_line' id='line_1_18' title="bbox 157 977 1490 1018; baseline 0.002 -11"><span class='ocrx_word' id='word_1_124' title='bbox 157 980 191 1007; x_wconf 78' lang='lat' dir='ltr'>F.</span> <span class='ocrx_word' id='word_1_125' title='bbox 212 995 250 999; x_wconf 97' lang='lat'><strong>—</strong></span> <span class='ocrx_word' id='word_1_126' title='bbox 269 981 297 1015; x_wconf 86' lang='lat'>4,</span> <span class='ocrx_word' id='word_1_127' title='bbox 318 977 337 1006; x_wconf 84' lang='lat'>2</span> <span class='ocrx_word' id='word_1_128' title='bbox 358 988 416 1015; x_wconf 88' lang='lat' dir='ltr'>quo</span> <span class='ocrx_word' id='word_1_129' title='bbox 436 980 469 1007; x_wconf 77' lang='lat' dir='ltr'>F.</span> <span class='ocrx_word' id='word_1_130' title='bbox 497 995 535 999; x_wconf 97' lang='lat'><strong>—</strong></span> <span class='ocrx_word' id='word_1_131' title='bbox 560 978 586 1014; x_wconf 84' lang='lat'><strong>5,</strong></span> <span class='ocrx_word' id='word_1_132' title='bbox 608 978 626 1008; x_wconf 87' lang='lat'><strong>3</strong></span> <span class='ocrx_word' id='word_1_133' title='bbox 647 980 856 1014; x_wconf 80' lang='lat' dir='ltr'>myraymitiea</span> <span class='ocrx_word' id='word_1_134' title='bbox 874 979 907 1007; x_wconf 78' lang='lat' dir='ltr'>F.</span> <span class='ocrx_word' id='word_1_135' title='bbox 933 994 971 998; x_wconf 90' lang='lat'>-—</span> <span class='ocrx_word' id='word_1_136' title='bbox 997 979 1022 1013; x_wconf 85' lang='lat'><strong>6,</strong></span> <span class='ocrx_word' id='word_1_137' title='bbox 1046 977 1061 1008; x_wconf 91' lang='lat'><strong>1</strong></span> <span class='ocrx_word' id='word_1_138' title='bbox 1083 979 1249 1009; x_wconf 79' lang='lat' dir='ltr'>Pharaonis</span> <span class='ocrx_word' id='word_1_139' title='bbox 1270 989 1379 1018; x_wconf 77' lang='lat' dir='ltr'>magna</span> <span class='ocrx_word' id='word_1_140' title='bbox 1397 982 1429 1009; x_wconf 79' lang='lat' dir='ltr'>F.</span> <span class='ocrx_word' id='word_1_141' title='bbox 1451 996 1490 1000; x_wconf 91' lang='lat'>——</span> 
     </span>
     <span class='ocr_line' id='line_1_19' title="bbox 159 1016 1486 1054; baseline 0.001 -8"><span class='ocrx_word' id='word_1_142' title='bbox 159 1017 185 1053; x_wconf 84' lang='lat'><strong>6,</strong></span> <span class='ocrx_word' id='word_1_143' title='bbox 207 1016 225 1046; x_wconf 88' lang='grc'><strong>3</strong></span> <span class='ocrx_word' id='word_1_144' title='bbox 246 1018 369 1054; x_wconf 81' lang='lat' dir='ltr'>gerebat</span> <span class='ocrx_word' id='word_1_145' title='bbox 386 1018 481 1046; x_wconf 80' lang='lat' dir='ltr'>KMP.</span> <span class='ocrx_word' id='word_1_146' title='bbox 501 1033 540 1037; x_wconf 91' lang='lat'>——</span> <span class='ocrx_word' id='word_1_147' title='bbox 559 1017 587 1049; x_wconf 88' lang='grc'>’7,</span> <span class='ocrx_word' id='word_1_148' title='bbox 611 1016 625 1046; x_wconf 92' lang='grc'>1</span> <span class='ocrx_word' id='word_1_149' title='bbox 647 1018 699 1046; x_wconf 80' lang='lat' dir='ltr'>Sic</span> <span class='ocrx_word' id='word_1_150' title='bbox 717 1026 771 1053; x_wconf 83' lang='lat' dir='ltr'>per</span> <span class='ocrx_word' id='word_1_151' title='bbox 791 1017 884 1046; x_wconf 81' lang='lat' dir='ltr'>KMP.</span> <span class='ocrx_word' id='word_1_152' title='bbox 902 1033 941 1037; x_wconf 92' lang='lat'>—</span> <span class='ocrx_word' id='word_1_153' title='bbox 954 1016 980 1052; x_wconf 88' lang='grc'>8,</span> <span class='ocrx_word' id='word_1_154' title='bbox 1002 1017 1020 1046; x_wconf 91' lang='grc'><em>5</em></span> <span class='ocrx_word' id='word_1_155' title='bbox 1040 1017 1137 1054; x_wconf 80' lang='lat' dir='ltr'>figura</span> <span class='ocrx_word' id='word_1_156' title='bbox 1155 1020 1207 1047; x_wconf 77' lang='lat' dir='ltr'>:ed</span> <span class='ocrx_word' id='word_1_157' title='bbox 1228 1027 1290 1048; x_wconf 83' lang='lat' dir='ltr'>una</span> <span class='ocrx_word' id='word_1_158' title='bbox 1308 1020 1342 1047; x_wconf 93' lang='lat' dir='ltr'>P.</span> <span class='ocrx_word' id='word_1_159' title='bbox 1365 1035 1372 1039; x_wconf 97' lang='lat'>-</span> <span class='ocrx_word' id='word_1_160' title='bbox 1422 1018 1448 1049; x_wconf 81' lang='lat'><strong>9,</strong></span> <span class='ocrx_word' id='word_1_161' title='bbox 1472 1019 1486 1047; x_wconf 91' lang='lat'><strong>1</strong></span> 
     </span>
     <span class='ocr_line' id='line_1_20' title="bbox 158 1054 1488 1093; baseline 0 -8"><span class='ocrx_word' id='word_1_162' title='bbox 158 1057 199 1085; x_wconf 90' lang='lat' dir='ltr'>At</span> <span class='ocrx_word' id='word_1_163' title='bbox 218 1058 245 1084; x_wconf 79' lang='lat' dir='ltr'>si</span> <span class='ocrx_word' id='word_1_164' title='bbox 264 1056 297 1084; x_wconf 83' lang='lat' dir='ltr'>F.</span> <span class='ocrx_word' id='word_1_165' title='bbox 319 1069 356 1074; x_wconf 93' lang='lat'>—</span> <span class='ocrx_word' id='word_1_166' title='bbox 377 1055 404 1089; x_wconf 87' lang='lat'><strong>9,</strong></span> <span class='ocrx_word' id='word_1_167' title='bbox 427 1055 443 1084; x_wconf 88' lang='grc'>6</span> <span class='ocrx_word' id='word_1_168' title='bbox 465 1057 522 1084; x_wconf 86' lang='lat' dir='ltr'>erit</span> <span class='ocrx_word' id='word_1_169' title='bbox 540 1056 702 1092; x_wconf 74' lang='lat' dir='ltr'><strong>intelligas.</strong></span> <span class='ocrx_word' id='word_1_170' title='bbox 723 1056 756 1083; x_wconf 87' lang='lat' dir='ltr'>F.</span> <span class='ocrx_word' id='word_1_171' title='bbox 773 1071 812 1075; x_wconf 92' lang='lat'><em>-</em></span> <span class='ocrx_word' id='word_1_172' title='bbox 829 1055 874 1089; x_wconf 88' lang='grc'>10,</span> <span class='ocrx_word' id='word_1_173' title='bbox 896 1054 911 1083; x_wconf 97' lang='grc'>1</span> <span class='ocrx_word' id='word_1_174' title='bbox 933 1056 1056 1084; x_wconf 82' lang='lat' dir='ltr'><strong>Summa</strong></span> <span class='ocrx_word' id='word_1_175' title='bbox 1073 1058 1216 1093; x_wconf 85' lang='lat' dir='ltr'>populum</span> <span class='ocrx_word' id='word_1_176' title='bbox 1236 1058 1330 1086; x_wconf 85' lang='lat' dir='ltr'>KMP.</span> <span class='ocrx_word' id='word_1_177' title='bbox 1348 1072 1387 1077; x_wconf 86' lang='lat'>—</span> <span class='ocrx_word' id='word_1_178' title='bbox 1408 1057 1453 1093; x_wconf 87' lang='grc'>10,</span> <span class='ocrx_word' id='word_1_179' title='bbox 1471 1057 1488 1085; x_wconf 89' lang='grc'>6</span> 
     </span>
     <span class='ocr_line' id='line_1_21' title="bbox 157 1092 1488 1131; baseline 0.002 -8"><span class='ocrx_word' id='word_1_180' title='bbox 157 1095 208 1123; x_wconf 78' lang='lat' dir='ltr'>vel</span> <span class='ocrx_word' id='word_1_181' title='bbox 227 1095 354 1130; x_wconf 76' lang='lat' dir='ltr'>ambigit</span> <span class='ocrx_word' id='word_1_182' title='bbox 373 1095 406 1122; x_wconf 76' lang='lat' dir='ltr'>F.</span> <span class='ocrx_word' id='word_1_183' title='bbox 431 1109 469 1113; x_wconf 91' lang='lat'>--</span> <span class='ocrx_word' id='word_1_184' title='bbox 498 1092 543 1128; x_wconf 84' lang='grc'>11,</span> <span class='ocrx_word' id='word_1_185' title='bbox 568 1092 586 1121; x_wconf 90' lang='grc'>2</span> <span class='ocrx_word' id='word_1_186' title='bbox 607 1094 718 1122; x_wconf 77' lang='lat' dir='ltr'>cursim</span> <span class='ocrx_word' id='word_1_187' title='bbox 736 1093 811 1122; x_wconf 81' lang='lat' dir='ltr'>fehlt</span> <span class='ocrx_word' id='word_1_188' title='bbox 828 1095 863 1123; x_wconf 72' lang='lat' dir='ltr'>F.</span> <span class='ocrx_word' id='word_1_189' title='bbox 888 1109 927 1113; x_wconf 97' lang='lat'><strong>—</strong></span> <span class='ocrx_word' id='word_1_190' title='bbox 951 1093 997 1129; x_wconf 88' lang='lat'>11,</span> <span class='ocrx_word' id='word_1_191' title='bbox 1017 1093 1037 1122; x_wconf 87' lang='lat'>4</span> <span class='ocrx_word' id='word_1_192' title='bbox 1056 1094 1191 1131; x_wconf 71' lang='lat' dir='ltr'>typtieha</span> <span class='ocrx_word' id='word_1_193' title='bbox 1208 1097 1242 1124; x_wconf 74' lang='lat' dir='ltr'>F.</span> <span class='ocrx_word' id='word_1_194' title='bbox 1263 1111 1270 1115; x_wconf 95' lang='lat'>-</span> <span class='ocrx_word' id='word_1_195' title='bbox 1322 1095 1366 1131; x_wconf 87' lang='lat'>11,</span> <span class='ocrx_word' id='word_1_196' title='bbox 1388 1097 1405 1125; x_wconf 91' lang='grc'>’7</span> <span class='ocrx_word' id='word_1_197' title='bbox 1428 1097 1488 1125; x_wconf 72' lang='lat' dir='ltr'>adi-</span> 
     </span>
     <span class='ocr_line' id='line_1_22' title="bbox 158 1131 1490 1171; baseline 0.001 -10"><span class='ocrx_word' id='word_1_198' title='bbox 158 1133 266 1161; x_wconf 84' lang='lat' dir='ltr'>menda</span> <span class='ocrx_word' id='word_1_199' title='bbox 284 1132 318 1160; x_wconf 81' lang='lat' dir='ltr'>F.</span> <span class='ocrx_word' id='word_1_200' title='bbox 338 1148 377 1152; x_wconf 97' lang='lat'><strong>—</strong></span> <span class='ocrx_word' id='word_1_201' title='bbox 399 1131 443 1169; x_wconf 86' lang='lat'><strong>12,</strong></span> <span class='ocrx_word' id='word_1_202' title='bbox 467 1132 481 1161; x_wconf 95' lang='lat'><strong>1</strong></span> <span class='ocrx_word' id='word_1_203' title='bbox 504 1134 663 1169; x_wconf 81' lang='lat' dir='ltr'>inrespeeti</span> <span class='ocrx_word' id='word_1_204' title='bbox 682 1133 776 1160; x_wconf 81' lang='lat' dir='ltr'>KMP.</span> <span class='ocrx_word' id='word_1_205' title='bbox 802 1149 840 1153; x_wconf 91' lang='lat'><strong>—</strong></span> <span class='ocrx_word' id='word_1_206' title='bbox 865 1133 926 1160; x_wconf 86' lang='lat' dir='ltr'>Die</span> <span class='ocrx_word' id='word_1_207' title='bbox 945 1133 1081 1169; x_wconf 82' lang='lat' dir='ltr'>Sequenz</span> <span class='ocrx_word' id='word_1_208' title='bbox 1108 1135 1211 1163; x_wconf 85' lang='lat' dir='ltr'>sehien</span> <span class='ocrx_word' id='word_1_209' title='bbox 1237 1135 1337 1171; x_wconf 61' lang='lat' dir='ltr'>spfiter</span> <span class='ocrx_word' id='word_1_210' title='bbox 1361 1145 1399 1163; x_wconf 85' lang='lat' dir='ltr'>zu</span> <span class='ocrx_word' id='word_1_211' title='bbox 1418 1136 1490 1171; x_wconf 82' lang='lat' dir='ltr'>lang</span> 
     </span>
     <span class='ocr_line' id='line_1_23' title="bbox 157 1171 1489 1208; baseline 0.002 -9"><span class='ocrx_word' id='word_1_212' title='bbox 157 1181 195 1199; x_wconf 85' lang='lat' dir='ltr'>zu</span> <span class='ocrx_word' id='word_1_213' title='bbox 216 1173 293 1205; x_wconf 87' lang='lat' dir='ltr'>sein;</span> <span class='ocrx_word' id='word_1_214' title='bbox 323 1171 478 1208; x_wconf 81' lang='lat' dir='ltr'>deswegen</span> <span class='ocrx_word' id='word_1_215' title='bbox 503 1172 545 1199; x_wconf 85' lang='lat' dir='ltr'>ist</span> <span class='ocrx_word' id='word_1_216' title='bbox 569 1172 614 1199; x_wconf 87' lang='lat' dir='ltr'>sie</span> <span class='ocrx_word' id='word_1_217' title='bbox 639 1173 672 1199; x_wconf 82' lang='lat' dir='ltr'>in</span> <span class='ocrx_word' id='word_1_218' title='bbox 692 1171 717 1198; x_wconf 78' lang='lat' dir='ltr'><strong>F</strong></span> <span class='ocrx_word' id='word_1_219' title='bbox 743 1171 836 1199; x_wconf 81' lang='lat' dir='ltr'>dureh</span> <span class='ocrx_word' id='word_1_220' title='bbox 863 1171 950 1199; x_wconf 84' lang='lat' dir='ltr'>einen</span> <span class='ocrx_word' id='word_1_221' title='bbox 971 1171 1179 1208; x_wconf 82' lang='lat' dir='ltr'>eingeklebten</span> <span class='ocrx_word' id='word_1_222' title='bbox 1198 1174 1292 1202; x_wconf 82' lang='lat' dir='ltr'>Zet‘tel</span> <span class='ocrx_word' id='word_1_223' title='bbox 1312 1175 1345 1201; x_wconf 88' lang='lat' dir='ltr'>in</span> <span class='ocrx_word' id='word_1_224' title='bbox 1365 1172 1383 1200; x_wconf 83' lang='lat'>2</span> <span class='ocrx_word' id='word_1_225' title='bbox 1404 1174 1489 1203; x_wconf 85' lang='lat' dir='ltr'>Teile</span> 
     </span>
     <span class='ocr_line' id='line_1_24' title="bbox 154 1208 1487 1247; baseline 0.001 -9"><span class='ocrx_word' id='word_1_226' title='bbox 154 1210 269 1247; x_wconf 87' lang='lat' dir='ltr'>geteilt,</span> <span class='ocrx_word' id='word_1_227' title='bbox 290 1209 417 1237; x_wconf 83' lang='lat' dir='ltr'>weleher</span> <span class='ocrx_word' id='word_1_228' title='bbox 439 1209 516 1238; x_wconf 80' lang='lat' dir='ltr'>nach</span> <span class='ocrx_word' id='word_1_229' title='bbox 532 1208 590 1237; x_wconf 82' lang='lat' dir='ltr'>Str.</span> <span class='ocrx_word' id='word_1_230' title='bbox 615 1208 650 1237; x_wconf 83' lang='lat'>12</span> <span class='ocrx_word' id='word_1_231' title='bbox 671 1209 726 1237; x_wconf 82' lang='lat' dir='ltr'>auf</span> <span class='ocrx_word' id='word_1_232' title='bbox 739 1210 856 1238; x_wconf 81' lang='lat' dir='ltr'>brutale</span> <span class='ocrx_word' id='word_1_233' title='bbox 869 1209 972 1237; x_wconf 73' lang='lat' dir='ltr'>Weise</span> <span class='ocrx_word' id='word_1_234' title='bbox 991 1209 1149 1246; x_wconf 81' lang='lat' dir='ltr'>folgenden</span> <span class='ocrx_word' id='word_1_235' title='bbox 1165 1211 1287 1240; x_wconf 78' lang='lat' dir='ltr'>Schluss</span> <span class='ocrx_word' id='word_1_236' title='bbox 1309 1213 1487 1241; x_wconf 80' lang='lat' dir='ltr'>einsehiebt:</span> 
     </span>
    </p>

    <p class='ocr_par' dir='ltr' id='par_1_6' title="bbox 157 1248 1490 1323">
     <span class='ocr_line' id='line_1_25' title="bbox 235 1248 1490 1287; baseline 0.003 -11"><span class='ocrx_word' id='word_1_237' title='bbox 235 1248 293 1282; x_wconf 80' lang='lat' dir='ltr'>Qui</span> <span class='ocrx_word' id='word_1_238' title='bbox 324 1256 419 1284; x_wconf 76' lang='lat' dir='ltr'>agnus</span> <span class='ocrx_word' id='word_1_239' title='bbox 449 1249 636 1284; x_wconf 84' lang='lat' dir='ltr'>omnipotens</span> <span class='ocrx_word' id='word_1_240' title='bbox 665 1248 878 1285; x_wconf 74' lang='lat' dir='ltr'>praetendebat</span> <span class='ocrx_word' id='word_1_241' title='bbox 902 1250 1005 1284; x_wconf 73' lang='lat' dir='ltr'>‘typum</span> <span class='ocrx_word' id='word_1_242' title='bbox 1027 1248 1152 1285; x_wconf 82' lang='lat' dir='ltr'>Christi,</span> <span class='ocrx_word' id='word_1_243' title='bbox 1186 1251 1269 1287; x_wconf 84' lang='lat' dir='ltr'>eujus</span> <span class='ocrx_word' id='word_1_244' title='bbox 1296 1259 1400 1280; x_wconf 83' lang='lat' dir='ltr'>cruore</span> <span class='ocrx_word' id='word_1_245' title='bbox 1429 1259 1490 1280; x_wconf 85' lang='lat' dir='ltr'>una</span> 
     </span>
     <span class='ocr_line' id='line_1_26' title="bbox 157 1286 916 1323; baseline 0 -8"><span class='ocrx_word' id='word_1_246' title='bbox 157 1289 271 1315; x_wconf 78' lang='lat' dir='ltr'>mentes</span> <span class='ocrx_word' id='word_1_247' title='bbox 295 1294 330 1314; x_wconf 78' lang='lat' dir='ltr'>ac.</span> <span class='ocrx_word' id='word_1_248' title='bbox 350 1286 517 1323; x_wconf 71' lang='lat' dir='ltr'>penetralia</span> <span class='ocrx_word' id='word_1_249' title='bbox 535 1287 781 1323; x_wconf 70' lang='lat' dir='ltr'>praemuniuntur</span> <span class='ocrx_word' id='word_1_250' title='bbox 803 1288 916 1316; x_wconf 76' lang='lat' dir='ltr'>nostra.</span> 
     </span>
    </p>

    <p class='ocr_par' dir='ltr' id='par_1_7' title="bbox 236 1325 1059 1362">
     <span class='ocr_line' id='line_1_27' title="bbox 236 1325 1059 1362; baseline 0.001 -9"><span class='ocrx_word' id='word_1_251' title='bbox 236 1325 301 1358; x_wconf 83' lang='lat' dir='ltr'>Quo</span> <span class='ocrx_word' id='word_1_252' title='bbox 322 1327 380 1353; x_wconf 81' lang='lat' dir='ltr'>tuti</span> <span class='ocrx_word' id='word_1_253' title='bbox 400 1328 529 1362; x_wconf 82' lang='lat' dir='ltr'>patriam</span> <span class='ocrx_word' id='word_1_254' title='bbox 549 1326 707 1353; x_wconf 80' lang='lat' dir='ltr'><strong>subeamus</strong></span> <span class='ocrx_word' id='word_1_255' title='bbox 729 1325 765 1353; x_wconf 81' lang='lat' dir='ltr'>ab</span> <span class='ocrx_word' id='word_1_256' title='bbox 786 1326 872 1354; x_wconf 85' lang='lat' dir='ltr'>hoste</span> <span class='ocrx_word' id='word_1_257' title='bbox 892 1334 1059 1362; x_wconf 83' lang='lat' dir='ltr'><strong>supernam.</strong></span> 
     </span>
    </p>

    <p class='ocr_par' dir='ltr' id='par_1_8' title="bbox 156 1363 1490 1439">
     <span class='ocr_line' id='line_1_28' title="bbox 157 1363 1490 1402; baseline 0.002 -10"><span class='ocrx_word' id='word_1_258' title='bbox 157 1365 217 1392; x_wconf 89' lang='lat' dir='ltr'>Die</span> <span class='ocrx_word' id='word_1_259' title='bbox 236 1364 398 1392; x_wconf 81' lang='lat' dir='ltr'>Riiekseite</span> <span class='ocrx_word' id='word_1_260' title='bbox 423 1364 473 1392; x_wconf 82' lang='lat' dir='ltr'>des</span> <span class='ocrx_word' id='word_1_261' title='bbox 493 1363 602 1392; x_wconf 84' lang='lat' dir='ltr'>Zettels</span> <span class='ocrx_word' id='word_1_262' title='bbox 629 1363 752 1392; x_wconf 79' lang='lat' dir='ltr'>e1·6ffnet</span> <span class='ocrx_word' id='word_1_263' title='bbox 779 1364 858 1392; x_wconf 77' lang='lat' dir='ltr'>claun</span> <span class='ocrx_word' id='word_1_264' title='bbox 885 1365 951 1392; x_wconf 87' lang='lat' dir='ltr'>eine</span> <span class='ocrx_word' id='word_1_265' title='bbox 978 1373 1054 1393; x_wconf 87' lang='lat' dir='ltr'>neue</span> <span class='ocrx_word' id='word_1_266' title='bbox 1073 1364 1223 1402; x_wconf 79' lang='lat' dir='ltr'>Sequenz,</span> <span class='ocrx_word' id='word_1_267' title='bbox 1249 1366 1349 1394; x_wconf 82' lang='lat' dir='ltr'>indem</span> <span class='ocrx_word' id='word_1_268' title='bbox 1369 1368 1413 1396; x_wconf 81' lang='lat' dir='ltr'>sie</span> <span class='ocrx_word' id='word_1_269' title='bbox 1435 1376 1490 1395; x_wconf 84' lang='lat' dir='ltr'>vor</span> 
     </span>
     <span class='ocr_line' id='line_1_29' title="bbox 156 1401 852 1439; baseline 0 -9"><span class='ocrx_word' id='word_1_270' title='bbox 156 1403 215 1430; x_wconf 76' lang='lat' dir='ltr'>Str.</span> <span class='ocrx_word' id='word_1_271' title='bbox 239 1401 274 1431; x_wconf 83' lang='lat'><strong>13</strong></span> <span class='ocrx_word' id='word_1_272' title='bbox 294 1402 433 1439; x_wconf 84' lang='lat' dir='ltr'>folgende</span> <span class='ocrx_word' id='word_1_273' title='bbox 451 1402 632 1431; x_wconf 80' lang='lat' dir='ltr'>Hexameter</span> <span class='ocrx_word' id='word_1_274' title='bbox 652 1402 852 1438; x_wconf 69' lang='lat' dir='ltr'>interpoliert:</span> 
     </span>
    </p>

    <p class='ocr_par' dir='ltr' id='par_1_9' title="bbox 463 1441 1164 1477">
     <span class='ocr_line' id='line_1_30' title="bbox 463 1441 1164 1477; baseline 0.001 -8"><span class='ocrx_word' id='word_1_275' title='bbox 463 1441 626 1477; x_wconf 83' lang='lat' dir='ltr'>Splendent</span> <span class='ocrx_word' id='word_1_276' title='bbox 645 1448 713 1469; x_wconf 84' lang='lat' dir='ltr'>ecce</span> <span class='ocrx_word' id='word_1_277' title='bbox 732 1442 804 1469; x_wconf 86' lang='lat' dir='ltr'>novi</span> <span class='ocrx_word' id='word_1_278' title='bbox 822 1441 980 1469; x_wconf 70' lang='lat' dir='ltr'>rutilantia</span> <span class='ocrx_word' id='word_1_279' title='bbox 998 1443 1076 1470; x_wconf 82' lang='lat' dir='ltr'>festa</span> <span class='ocrx_word' id='word_1_280' title='bbox 1096 1442 1164 1477; x_wconf 75' lang='lat' dir='ltr'>(liei,</span> 
     </span>
    </p>

    <p class='ocr_par' dir='ltr' id='par_1_10' title="bbox 464 1479 1289 1518">
     <span class='ocr_line' id='line_1_31' title="bbox 464 1479 1289 1518; baseline 0.002 -10"><span class='ocrx_word' id='word_1_281' title='bbox 464 1481 571 1508; x_wconf 78' lang='lat' dir='ltr'>Azima</span> <span class='ocrx_word' id='word_1_282' title='bbox 588 1479 730 1508; x_wconf 81' lang='lat' dir='ltr'>fermento</span> <span class='ocrx_word' id='word_1_283' title='bbox 752 1480 861 1516; x_wconf 80' lang='lat' dir='ltr'>quibus</span> <span class='ocrx_word' id='word_1_284' title='bbox 882 1482 928 1507; x_wconf 86' lang='lat' dir='ltr'>est</span> <span class='ocrx_word' id='word_1_285' title='bbox 946 1481 1030 1515; x_wconf 78' lang='lat' dir='ltr'>plebs</span> <span class='ocrx_word' id='word_1_286' title='bbox 1051 1480 1133 1508; x_wconf 72' lang='lat' dir='ltr'>laeta</span> <span class='ocrx_word' id='word_1_287' title='bbox 1153 1482 1289 1518; x_wconf 76' lang='lat' dir='ltr'>repulso3</span> 
     </span>
    </p>

    <p class='ocr_par' dir='ltr' id='par_1_11' title="bbox 464 1518 1261 1555">
     <span class='ocr_line' id='line_1_32' title="bbox 464 1518 1261 1555; baseline 0.004 -9"><span class='ocrx_word' id='word_1_288' title='bbox 464 1519 534 1547; x_wconf 85' lang='lat' dir='ltr'>Non</span> <span class='ocrx_word' id='word_1_289' title='bbox 553 1518 628 1546; x_wconf 84' lang='lat' dir='ltr'>haec</span> <span class='ocrx_word' id='word_1_290' title='bbox 646 1518 780 1547; x_wconf 80' lang='lat' dir='ltr'>Hebraei</span> <span class='ocrx_word' id='word_1_291' title='bbox 799 1522 885 1546; x_wconf 85' lang='lat' dir='ltr'>vetus</span> <span class='ocrx_word' id='word_1_292' title='bbox 907 1521 952 1547; x_wconf 82' lang='lat' dir='ltr'>est</span> <span class='ocrx_word' id='word_1_293' title='bbox 972 1519 1132 1547; x_wconf 78' lang='lat' dir='ltr'>celebratio</span> <span class='ocrx_word' id='word_1_294' title='bbox 1154 1520 1261 1555; x_wconf 82' lang='lat' dir='ltr'>Phase,</span> 
     </span>
    </p>

    <p class='ocr_par' dir='ltr' id='par_1_12' title="bbox 156 1556 1490 1712">
     <span class='ocr_line' id='line_1_33' title="bbox 465 1556 1220 1594; baseline 0.003 -9"><span class='ocrx_word' id='word_1_295' title='bbox 465 1558 569 1593; x_wconf 83' lang='lat' dir='ltr'>Agnus</span> <span class='ocrx_word' id='word_1_296' title='bbox 590 1558 781 1594; x_wconf 78' lang='lat' dir='ltr'>praeeipuam</span> <span class='ocrx_word' id='word_1_297' title='bbox 800 1557 905 1585; x_wconf 81' lang='lat' dir='ltr'>tulerit</span> <span class='ocrx_word' id='word_1_298' title='bbox 923 1557 996 1585; x_wconf 76' lang='lat' dir='ltr'>lieet</span> <span class='ocrx_word' id='word_1_299' title='bbox 1014 1558 1068 1586; x_wconf 84' lang='lat' dir='ltr'>ille</span> <span class='ocrx_word' id='word_1_300' title='bbox 1086 1556 1220 1594; x_wconf 80' lang='lat' dir='ltr'>figuram.</span> 
     </span>
     <span class='ocr_line' id='line_1_34' title="bbox 158 1593 1489 1634; baseline 0.001 -10"><span class='ocrx_word' id='word_1_301' title='bbox 158 1594 206 1632; x_wconf 88' lang='lat'>13,</span> <span class='ocrx_word' id='word_1_302' title='bbox 227 1594 244 1624; x_wconf 88' lang='lat'>5</span> <span class='ocrx_word' id='word_1_303' title='bbox 265 1597 400 1624; x_wconf 79' lang='lat' dir='ltr'>intinctis</span> <span class='ocrx_word' id='word_1_304' title='bbox 422 1597 455 1624; x_wconf 80' lang='lat' dir='ltr'>F.</span> <span class='ocrx_word' id='word_1_305' title='bbox 478 1610 514 1617; x_wconf 64' lang='grc' dir='ltr'>ν·-</span> <span class='ocrx_word' id='word_1_306' title='bbox 537 1593 581 1631; x_wconf 85' lang='grc'>13,</span> <span class='ocrx_word' id='word_1_307' title='bbox 603 1595 619 1623; x_wconf 95' lang='grc'>’7</span> <span class='ocrx_word' id='word_1_308' title='bbox 641 1597 726 1624; x_wconf 83' lang='lat' dir='ltr'>tanta</span> <span class='ocrx_word' id='word_1_309' title='bbox 743 1596 790 1629; x_wconf 70' lang='grc' dir='ltr'>Μ,</span> <span class='ocrx_word' id='word_1_310' title='bbox 811 1596 887 1623; x_wconf 81' lang='lat' dir='ltr'>‘tanti</span> <span class='ocrx_word' id='word_1_311' title='bbox 906 1596 1029 1624; x_wconf 75' lang='lat' dir='ltr'>luminis</span> <span class='ocrx_word' id='word_1_312' title='bbox 1048 1597 1083 1625; x_wconf 87' lang='lat' dir='ltr'>P.</span> <span class='ocrx_word' id='word_1_313' title='bbox 1112 1612 1149 1616; x_wconf 93' lang='lat'><em>-</em></span> <span class='ocrx_word' id='word_1_314' title='bbox 1171 1596 1216 1634; x_wconf 88' lang='lat'><strong>13,</strong></span> <span class='ocrx_word' id='word_1_315' title='bbox 1237 1596 1255 1627; x_wconf 89' lang='lat'><em>8</em></span> <span class='ocrx_word' id='word_1_316' title='bbox 1275 1597 1436 1627; x_wconf 80' lang='lat' dir='ltr'>luminaria</span> <span class='ocrx_word' id='word_1_317' title='bbox 1456 1599 1489 1626; x_wconf 80' lang='lat' dir='ltr'>F.</span> 
     </span>
     <span class='ocr_line' id='line_1_35' title="bbox 156 1632 1490 1673; baseline 0.003 -11"><span class='ocrx_word' id='word_1_318' title='bbox 156 1650 196 1654; x_wconf 88' lang='lat'>——</span> <span class='ocrx_word' id='word_1_319' title='bbox 217 1633 261 1669; x_wconf 85' lang='lat'><strong>13,</strong></span> <span class='ocrx_word' id='word_1_320' title='bbox 286 1632 303 1661; x_wconf 88' lang='lat'>9</span> <span class='ocrx_word' id='word_1_321' title='bbox 324 1635 516 1663; x_wconf 78' lang='lat' dir='ltr'>velocissima</span> <span class='ocrx_word' id='word_1_322' title='bbox 533 1634 574 1661; x_wconf 85' lang='lat' dir='ltr'>M.</span> <span class='ocrx_word' id='word_1_323' title='bbox 594 1649 633 1654; x_wconf 87' lang='lat'>—-</span> <span class='ocrx_word' id='word_1_324' title='bbox 655 1632 699 1666; x_wconf 88' lang='grc'>14,</span> <span class='ocrx_word' id='word_1_325' title='bbox 722 1633 739 1661; x_wconf 88' lang='grc'>’7</span> <span class='ocrx_word' id='word_1_326' title='bbox 761 1643 799 1662; x_wconf 84' lang='lat' dir='ltr'>va</span> <span class='ocrx_word' id='word_1_327' title='bbox 819 1635 856 1670; x_wconf 76' lang='lat' dir='ltr'>F3</span> <span class='ocrx_word' id='word_1_328' title='bbox 877 1643 937 1672; x_wconf 85' lang='lat' dir='ltr'>vag</span> <span class='ocrx_word' id='word_1_329' title='bbox 956 1635 1023 1663; x_wconf 87' lang='lat' dir='ltr'>MP.</span> <span class='ocrx_word' id='word_1_330' title='bbox 1047 1651 1085 1656; x_wconf 89' lang='lat'>--</span> <span class='ocrx_word' id='word_1_331' title='bbox 1107 1634 1151 1669; x_wconf 85' lang='lat'><strong>15,</strong></span> <span class='ocrx_word' id='word_1_332' title='bbox 1173 1635 1191 1665; x_wconf 86' lang='lat'><strong>3</strong></span> <span class='ocrx_word' id='word_1_333' title='bbox 1212 1637 1347 1673; x_wconf 79' lang='lat' dir='ltr'>disrupta</span> <span class='ocrx_word' id='word_1_334' title='bbox 1368 1638 1437 1666; x_wconf 84' lang='lat' dir='ltr'>KM.</span> <span class='ocrx_word' id='word_1_335' title='bbox 1452 1654 1490 1657; x_wconf 97' lang='lat'><strong>—</strong></span> 
     </span>
     <span class='ocr_line' id='line_1_36' title="bbox 158 1670 1315 1712; baseline 0.001 -11"><span class='ocrx_word' id='word_1_336' title='bbox 158 1672 204 1707; x_wconf 85' lang='lat'>15,</span> <span class='ocrx_word' id='word_1_337' title='bbox 226 1672 245 1702; x_wconf 82' lang='lat'>5</span> <span class='ocrx_word' id='word_1_338' title='bbox 266 1675 313 1702; x_wconf 77' lang='lat' dir='ltr'>est</span> <span class='ocrx_word' id='word_1_339' title='bbox 330 1673 406 1701; x_wconf 75' lang='lat' dir='ltr'>fehlt</span> <span class='ocrx_word' id='word_1_340' title='bbox 423 1673 519 1702; x_wconf 76' lang='lat' dir='ltr'>KMP.</span> <span class='ocrx_word' id='word_1_341' title='bbox 539 1688 577 1691; x_wconf 97' lang='lat'><strong>—</strong></span> <span class='ocrx_word' id='word_1_342' title='bbox 598 1672 642 1701; x_wconf 78' lang='lat' dir='ltr'>st.</span> <span class='ocrx_word' id='word_1_343' title='bbox 664 1670 699 1701; x_wconf 89' lang='grc'>16</span> <span class='ocrx_word' id='word_1_344' title='bbox 719 1673 816 1701; x_wconf 77' lang='lat' dir='ltr'>lautet</span> <span class='ocrx_word' id='word_1_345' title='bbox 832 1674 868 1701; x_wconf 83' lang='lat' dir='ltr'>in</span> <span class='ocrx_word' id='word_1_346' title='bbox 887 1673 928 1709; x_wconf 68' lang='grc' dir='ltr'>Ἐς</span> <span class='ocrx_word' id='word_1_347' title='bbox 949 1673 1081 1703; x_wconf 72' lang='lat' dir='ltr'>offenbar</span> <span class='ocrx_word' id='word_1_348' title='bbox 1100 1675 1315 1712; x_wconf 75' lang='lat' dir='ltr'>umgedichtet:</span> 
     </span>
    </p>

    <p class='ocr_par' dir='ltr' id='par_1_13' title="bbox 234 1711 1363 1749">
     <span class='ocr_line' id='line_1_37' title="bbox 234 1711 1363 1749; baseline 0.002 -9"><span class='ocrx_word' id='word_1_349' title='bbox 234 1712 346 1740; x_wconf 79' lang='lat' dir='ltr'>Vetera</span> <span class='ocrx_word' id='word_1_350' title='bbox 360 1712 424 1746; x_wconf 83' lang='lat' dir='ltr'>jam</span> <span class='ocrx_word' id='word_1_351' title='bbox 444 1711 586 1740; x_wconf 79' lang='lat' dir='ltr'>recedunt</span> <span class='ocrx_word' id='word_1_352' title='bbox 603 1712 755 1743; x_wconf 79' lang='lat' dir='ltr'>fermenta,</span> <span class='ocrx_word' id='word_1_353' title='bbox 778 1713 934 1749; x_wconf 81' lang='lat' dir='ltr'>erumpant</span> <span class='ocrx_word' id='word_1_354' title='bbox 953 1714 1051 1741; x_wconf 81' lang='lat' dir='ltr'>azima</span> <span class='ocrx_word' id='word_1_355' title='bbox 1069 1712 1122 1740; x_wconf 85' lang='lat' dir='ltr'>diu</span> <span class='ocrx_word' id='word_1_356' title='bbox 1141 1716 1257 1742; x_wconf 81' lang='lat' dir='ltr'>tantum</span> <span class='ocrx_word' id='word_1_357' title='bbox 1276 1723 1363 1742; x_wconf 79' lang='lat' dir='ltr'>nova.</span> 
     </span>
    </p>

    <p class='ocr_par' dir='ltr' id='par_1_14' title="bbox 151 1747 1492 2099">
     <span class='ocr_line' id='line_1_38' title="bbox 157 1747 1490 1788; baseline 0.001 -9"><span class='ocrx_word' id='word_1_358' title='bbox 157 1749 203 1787; x_wconf 82' lang='lat'><strong>17,</strong></span> <span class='ocrx_word' id='word_1_359' title='bbox 224 1750 242 1778; x_wconf 95' lang='grc'>’7</span> <span class='ocrx_word' id='word_1_360' title='bbox 266 1751 312 1779; x_wconf 91' lang='lat' dir='ltr'>sui</span> <span class='ocrx_word' id='word_1_361' title='bbox 332 1751 397 1778; x_wconf 84' lang='lat' dir='ltr'>MP.</span> <span class='ocrx_word' id='word_1_362' title='bbox 422 1766 456 1770; x_wconf 90' lang='lat'><strong>—</strong></span> <span class='ocrx_word' id='word_1_363' title='bbox 479 1747 531 1783; x_wconf 84' lang='lat'><strong>18,</strong></span> <span class='ocrx_word' id='word_1_364' title='bbox 551 1749 571 1778; x_wconf 97' lang='lat'>4</span> <span class='ocrx_word' id='word_1_365' title='bbox 590 1750 697 1778; x_wconf 80' lang='lat' dir='ltr'>fuisset</span> <span class='ocrx_word' id='word_1_366' title='bbox 715 1750 816 1784; x_wconf 82' lang='lat' dir='ltr'>KMP;</span> <span class='ocrx_word' id='word_1_367' title='bbox 843 1751 941 1779; x_wconf 81' lang='lat' dir='ltr'>fassus</span> <span class='ocrx_word' id='word_1_368' title='bbox 963 1760 1029 1779; x_wconf 88' lang='lat' dir='ltr'>sum</span> <span class='ocrx_word' id='word_1_369' title='bbox 1048 1751 1081 1780; x_wconf 79' lang='lat' dir='ltr'>F.</span> <span class='ocrx_word' id='word_1_370' title='bbox 1104 1767 1141 1770; x_wconf 97' lang='lat'><strong>—</strong></span> <span class='ocrx_word' id='word_1_371' title='bbox 1164 1751 1208 1788; x_wconf 85' lang='lat'><strong>19,</strong></span> <span class='ocrx_word' id='word_1_372' title='bbox 1232 1751 1247 1781; x_wconf 93' lang='lat'><strong>1</strong></span> <span class='ocrx_word' id='word_1_373' title='bbox 1267 1752 1314 1780; x_wconf 83' lang='lat' dir='ltr'>Eo</span> <span class='ocrx_word' id='word_1_374' title='bbox 1336 1754 1435 1782; x_wconf 84' lang='lat' dir='ltr'>allude</span> <span class='ocrx_word' id='word_1_375' title='bbox 1457 1754 1490 1782; x_wconf 84' lang='lat' dir='ltr'>F.</span> 
     </span>
     <span class='ocr_line' id='line_1_39' title="bbox 156 1786 1491 1827; baseline 0.003 -10"><span class='ocrx_word' id='word_1_376' title='bbox 156 1805 193 1809; x_wconf 86' lang='lat'>-—</span> <span class='ocrx_word' id='word_1_377' title='bbox 225 1787 271 1825; x_wconf 84' lang='lat'><strong>19,</strong></span> <span class='ocrx_word' id='word_1_378' title='bbox 298 1788 318 1817; x_wconf 88' lang='lat'>4</span> <span class='ocrx_word' id='word_1_379' title='bbox 343 1790 466 1827; x_wconf 85' lang='lat' dir='ltr'>evigilet</span> <span class='ocrx_word' id='word_1_380' title='bbox 489 1789 523 1816; x_wconf 75' lang='lat' dir='ltr'>F.</span> <span class='ocrx_word' id='word_1_381' title='bbox 549 1804 588 1808; x_wconf 91' lang='lat'>——</span> <span class='ocrx_word' id='word_1_382' title='bbox 615 1788 659 1824; x_wconf 84' lang='grc'>19,</span> <span class='ocrx_word' id='word_1_383' title='bbox 690 1786 708 1816; x_wconf 85' lang='grc'>8</span> <span class='ocrx_word' id='word_1_384' title='bbox 735 1790 829 1817; x_wconf 83' lang='lat' dir='ltr'>tristis</span> <span class='ocrx_word' id='word_1_385' title='bbox 855 1789 889 1817; x_wconf 88' lang='lat' dir='ltr'>P.</span> <span class='ocrx_word' id='word_1_386' title='bbox 921 1804 958 1808; x_wconf 86' lang='lat'>—</span> <span class='ocrx_word' id='word_1_387' title='bbox 983 1789 1028 1825; x_wconf 82' lang='lat'>20,</span> <span class='ocrx_word' id='word_1_388' title='bbox 1057 1788 1075 1818; x_wconf 81' lang='lat'><strong>3</strong></span> <span class='ocrx_word' id='word_1_389' title='bbox 1100 1799 1153 1826; x_wconf 85' lang='lat' dir='ltr'>per</span> <span class='ocrx_word' id='word_1_390' title='bbox 1173 1799 1264 1827; x_wconf 77' lang='lat' dir='ltr'>opera</span> <span class='ocrx_word' id='word_1_391' title='bbox 1282 1791 1324 1819; x_wconf 90' lang='lat' dir='ltr'>M.</span> <span class='ocrx_word' id='word_1_392' title='bbox 1345 1807 1384 1811; x_wconf 87' lang='grc'><strong>-</strong></span> <span class='ocrx_word' id='word_1_393' title='bbox 1403 1791 1449 1826; x_wconf 82' lang='grc'>20,</span> <span class='ocrx_word' id='word_1_394' title='bbox 1471 1792 1491 1821; x_wconf 85' lang='grc'>4</span> 
     </span>
     <span class='ocr_line' id='line_1_40' title="bbox 153 1825 1490 1868; baseline 0.003 -12"><span class='ocrx_word' id='word_1_395' title='bbox 153 1829 249 1857; x_wconf 79' lang='lat' dir='ltr'>volito</span> <span class='ocrx_word' id='word_1_396' title='bbox 270 1828 309 1864; x_wconf 79' lang='lat' dir='ltr'>F3</span> <span class='ocrx_word' id='word_1_397' title='bbox 329 1828 443 1856; x_wconf 81' lang='lat' dir='ltr'>famina</span> <span class='ocrx_word' id='word_1_398' title='bbox 463 1827 550 1857; x_wconf 82' lang='lat' dir='ltr'>FKP.</span> <span class='ocrx_word' id='word_1_399' title='bbox 571 1842 610 1847; x_wconf 84' lang='lat'><strong>—</strong></span> <span class='ocrx_word' id='word_1_400' title='bbox 630 1827 687 1856; x_wconf 81' lang='lat' dir='ltr'>Str.</span> <span class='ocrx_word' id='word_1_401' title='bbox 708 1825 743 1855; x_wconf 82' lang='lat'>21</span> <span class='ocrx_word' id='word_1_402' title='bbox 766 1827 841 1856; x_wconf 82' lang='lat' dir='ltr'>fehlt</span> <span class='ocrx_word' id='word_1_403' title='bbox 864 1828 959 1856; x_wconf 85' lang='lat' dir='ltr'>KMP.</span> <span class='ocrx_word' id='word_1_404' title='bbox 988 1844 1026 1848; x_wconf 90' lang='lat'>—</span> <span class='ocrx_word' id='word_1_405' title='bbox 1051 1829 1110 1858; x_wconf 86' lang='lat' dir='ltr'>Die</span> <span class='ocrx_word' id='word_1_406' title='bbox 1132 1830 1263 1858; x_wconf 85' lang='lat' dir='ltr'>Melodie</span> <span class='ocrx_word' id='word_1_407' title='bbox 1282 1830 1334 1858; x_wconf 84' lang='lat' dir='ltr'>cler</span> <span class='ocrx_word' id='word_1_408' title='bbox 1354 1831 1490 1868; x_wconf 78' lang='lat' dir='ltr'>Sequenz</span> 
     </span>
     <span class='ocr_line' id='line_1_41' title="bbox 154 1866 1490 1908; baseline 0.003 -13"><span class='ocrx_word' id='word_1_409' title='bbox 154 1867 232 1896; x_wconf 67' lang='lat' dir='ltr'>liisst</span> <span class='ocrx_word' id='word_1_410' title='bbox 243 1867 294 1896; x_wconf 77' lang='lat' dir='ltr'>die</span> <span class='ocrx_word' id='word_1_411' title='bbox 306 1866 517 1896; x_wconf 80' lang='lat' dir='ltr'>Abwesenheit</span> <span class='ocrx_word' id='word_1_412' title='bbox 529 1866 614 1901; x_wconf 76' lang='lat' dir='ltr'>jedes</span> <span class='ocrx_word' id='word_1_413' title='bbox 629 1866 824 1895; x_wconf 72' lang='lat' dir='ltr'>Parenismus</span> <span class='ocrx_word' id='word_1_414' title='bbox 838 1866 997 1895; x_wconf 77' lang='lat' dir='ltr'>erkexmen.</span> <span class='ocrx_word' id='word_1_415' title='bbox 1029 1869 1090 1896; x_wconf 84' lang='lat' dir='ltr'>Die</span> <span class='ocrx_word' id='word_1_416' title='bbox 1103 1868 1300 1897; x_wconf 78' lang='lat' dir='ltr'>vorstehende</span> <span class='ocrx_word' id='word_1_417' title='bbox 1316 1869 1490 1908; x_wconf 72' lang='lat' dir='ltr'>Einteilung</span> 
     </span>
     <span class='ocr_line' id='line_1_42' title="bbox 154 1905 1492 1943; baseline 0.003 -9"><span class='ocrx_word' id='word_1_418' title='bbox 154 1907 197 1934; x_wconf 85' lang='lat' dir='ltr'>ist</span> <span class='ocrx_word' id='word_1_419' title='bbox 217 1906 309 1934; x_wconf 81' lang='lat' dir='ltr'>daher</span> <span class='ocrx_word' id='word_1_420' title='bbox 328 1915 384 1933; x_wconf 86' lang='lat' dir='ltr'>nur</span> <span class='ocrx_word' id='word_1_421' title='bbox 411 1907 485 1934; x_wconf 74' lang='lat' dir='ltr'>nael]</span> <span class='ocrx_word' id='word_1_422' title='bbox 513 1905 580 1933; x_wconf 89' lang='lat' dir='ltr'>dem</span> <span class='ocrx_word' id='word_1_423' title='bbox 603 1906 749 1934; x_wconf 83' lang='lat' dir='ltr'>Numerus</span> <span class='ocrx_word' id='word_1_424' title='bbox 776 1905 949 1943; x_wconf 82' lang='lat' dir='ltr'>hergestellt</span> <span class='ocrx_word' id='word_1_425' title='bbox 975 1907 1037 1935; x_wconf 83' lang='lat' dir='ltr'>und</span> <span class='ocrx_word' id='word_1_426' title='bbox 1060 1906 1143 1935; x_wconf 87' lang='lat' dir='ltr'>kann</span> <span class='ocrx_word' id='word_1_427' title='bbox 1169 1907 1319 1936; x_wconf 80' lang='lat' dir='ltr'>natiirlieh</span> <span class='ocrx_word' id='word_1_428' title='bbox 1345 1908 1492 1939; x_wconf 86' lang='lat' dir='ltr'>keinerlei</span> 
     </span>
     <span class='ocr_line' id='line_1_43' title="bbox 153 1944 1491 1982; baseline 0.003 -9"><span class='ocrx_word' id='word_1_429' title='bbox 153 1944 311 1981; x_wconf 78' lang='lat' dir='ltr'>Anspruch</span> <span class='ocrx_word' id='word_1_430' title='bbox 332 1945 386 1973; x_wconf 86' lang='lat' dir='ltr'>auf</span> <span class='ocrx_word' id='word_1_431' title='bbox 401 1944 618 1982; x_wconf 80' lang='lat' dir='ltr'>irgenclwelehe</span> <span class='ocrx_word' id='word_1_432' title='bbox 637 1944 855 1973; x_wconf 61' lang='lat' dir='ltr'>Authenticitet</span> <span class='ocrx_word' id='word_1_433' title='bbox 873 1945 1006 1973; x_wconf 86' lang='lat' dir='ltr'>maehen.</span> <span class='ocrx_word' id='word_1_434' title='bbox 1032 1960 1071 1966; x_wconf 87' lang='lat'>—-</span> <span class='ocrx_word' id='word_1_435' title='bbox 1096 1946 1121 1973; x_wconf 79' lang='lat' dir='ltr'><strong>F</strong></span> <span class='ocrx_word' id='word_1_436' title='bbox 1141 1947 1258 1975; x_wconf 78' lang='lat' dir='ltr'>sehiebt</span> <span class='ocrx_word' id='word_1_437' title='bbox 1277 1948 1360 1976; x_wconf 87' lang='lat' dir='ltr'>seine</span> <span class='ocrx_word' id='word_1_438' title='bbox 1383 1948 1491 1977; x_wconf 77' lang='lat' dir='ltr'>beiden</span> 
     </span>
     <span class='ocr_line' id='line_1_44' title="bbox 152 1982 1491 2025; baseline 0.003 -13"><span class='ocrx_word' id='word_1_439' title='bbox 152 1983 329 2021; x_wconf 82' lang='lat' dir='ltr'>Sequenzen</span> <span class='ocrx_word' id='word_1_440' title='bbox 352 1984 418 2012; x_wconf 84' lang='lat' dir='ltr'>dem</span> <span class='ocrx_word' id='word_1_441' title='bbox 438 1984 465 2012; x_wconf 88' lang='lat'>4.</span> <span class='ocrx_word' id='word_1_442' title='bbox 486 1993 515 2011; x_wconf 90' lang='lat' dir='ltr'>u.</span> <span class='ocrx_word' id='word_1_443' title='bbox 539 1982 566 2012; x_wconf 89' lang='grc'>5.</span> <span class='ocrx_word' id='word_1_444' title='bbox 590 1983 724 2020; x_wconf 71' lang='lat' dir='ltr'>Sonntag</span> <span class='ocrx_word' id='word_1_445' title='bbox 743 1983 820 2011; x_wconf 77' lang='lat' dir='ltr'>nach</span> <span class='ocrx_word' id='word_1_446' title='bbox 841 1984 949 2013; x_wconf 85' lang='lat' dir='ltr'>Ostern</span> <span class='ocrx_word' id='word_1_447' title='bbox 968 1994 1013 2012; x_wconf 78' lang='lat' dir='ltr'>zu.</span> <span class='ocrx_word' id='word_1_448' title='bbox 1057 1984 1116 2013; x_wconf 85' lang='lat' dir='ltr'>Die</span> <span class='ocrx_word' id='word_1_449' title='bbox 1137 1986 1249 2014; x_wconf 81' lang='lat' dir='ltr'>andern</span> <span class='ocrx_word' id='word_1_450' title='bbox 1268 1986 1339 2014; x_wconf 86' lang='lat' dir='ltr'>Hss.</span> <span class='ocrx_word' id='word_1_451' title='bbox 1361 1988 1491 2025; x_wconf 75' lang='lat' dir='ltr'>bringeri</span> 
     </span>
     <span class='ocr_line' id='line_1_45' title="bbox 151 2022 1488 2064; baseline 0.003 -13"><span class='ocrx_word' id='word_1_452' title='bbox 151 2032 258 2051; x_wconf 87' lang='lat' dir='ltr'>unsere</span> <span class='ocrx_word' id='word_1_453' title='bbox 293 2022 386 2051; x_wconf 81' lang='lat' dir='ltr'>Prose</span> <span class='ocrx_word' id='word_1_454' title='bbox 416 2023 613 2060; x_wconf 80' lang='lat' dir='ltr'>sehleohtweg</span> <span class='ocrx_word' id='word_1_455' title='bbox 646 2023 690 2050; x_wconf 82' lang='lat' dir='ltr'>als</span> <span class='ocrx_word' id='word_1_456' title='bbox 726 2022 894 2058; x_wconf 70' lang='lat' dir='ltr'>osterliohe,</span> <span class='ocrx_word' id='word_1_457' title='bbox 936 2023 990 2052; x_wconf 89' lang='lat' dir='ltr'>KP</span> <span class='ocrx_word' id='word_1_458' title='bbox 1019 2024 1213 2053; x_wconf 74' lang='lat' dir='ltr'>unmittelbar</span> <span class='ocrx_word' id='word_1_459' title='bbox 1247 2025 1326 2053; x_wconf 74' lang='lat' dir='ltr'>nach</span> <span class='ocrx_word' id='word_1_460' title='bbox 1357 2027 1488 2064; x_wconf 82' lang='lat' dir='ltr'>Fulgens</span> 
     </span>
     <span class='ocr_line' id='line_1_46' title="bbox 151 2062 315 2099; baseline -0.006 -9"><span class='ocrx_word' id='word_1_461' title='bbox 151 2062 315 2099; x_wconf 76' lang='lat' dir='ltr'>praeclara.</span> 
     </span>
    </p>
   </div>
   <div class='ocr_carea' id='block_1_4' title="bbox 617 2121 1026 2156">
    <p class='ocr_par' dir='ltr' id='par_1_15' title="bbox 617 2121 1026 2156">
     <span class='ocr_line' id='line_1_47' title="bbox 617 2121 1026 2156; baseline 0 -2"><span class='ocrx_word' id='word_1_462' title='bbox 617 2123 663 2154; x_wconf 83' lang='lat'>72.</span> <span class='ocrx_word' id='word_1_463' title='bbox 703 2121 739 2154; x_wconf 88' lang='lat' dir='ltr'>In</span> <span class='ocrx_word' id='word_1_464' title='bbox 758 2121 947 2155; x_wconf 82' lang='lat' dir='ltr'>Ascensione</span> <span class='ocrx_word' id='word_1_465' title='bbox 967 2123 1026 2156; x_wconf 86' lang='lat' dir='ltr'>DN.</span> 
     </span>
    </p>
   </div>
   <div class='ocr_carea' id='block_1_5' title="bbox 657 2194 1013 2277">
    <p class='ocr_par' dir='ltr' id='par_1_16' title="bbox 657 2194 1013 2277">
     <span class='ocr_line' id='line_1_48' title="bbox 657 2194 1013 2235; baseline -0.003 -6"><span class='ocrx_word' id='word_1_466' title='bbox 657 2195 687 2229; x_wconf 87' lang='lat'>1.</span> <span class='ocrx_word' id='word_1_467' title='bbox 714 2194 786 2227; x_wconf 80' lang='lat' dir='ltr'>Rex</span> <span class='ocrx_word' id='word_1_468' title='bbox 810 2194 1013 2235; x_wconf 83' lang='lat' dir='ltr'>omnipotens</span> 
     </span>
     <span class='ocr_line' id='line_1_49' title="bbox 712 2243 960 2277; baseline 0 -1"><span class='ocrx_word' id='word_1_469' title='bbox 712 2243 765 2276; x_wconf 83' lang='lat' dir='ltr'>die</span> <span class='ocrx_word' id='word_1_470' title='bbox 789 2243 960 2277; x_wconf 73' lang='lat' dir='ltr'>hodierna.</span> 
     </span>
    </p>
   </div>
   <div class='ocr_carea' id='block_1_6' title="bbox 174 2301 1361 2441">
    <p class='ocr_par' dir='ltr' id='par_1_17' title="bbox 174 2301 1361 2441">
     <span class='ocr_line' id='line_1_50' title="bbox 174 2301 1074 2338; baseline 0.001 -4"><span class='ocrx_word' id='word_1_471' title='bbox 174 2303 229 2334; x_wconf 83' lang='lat' dir='ltr'>2a.</span> <span class='ocrx_word' id='word_1_472' title='bbox 257 2301 382 2335; x_wconf 80' lang='lat' dir='ltr'>Mundo</span> <span class='ocrx_word' id='word_1_473' title='bbox 876 2302 938 2338; x_wconf 82' lang='lat' dir='ltr'>2b.</span> <span class='ocrx_word' id='word_1_474' title='bbox 959 2303 1074 2336; x_wconf 84' lang='lat' dir='ltr'>Victor</span> 
     </span>
     <span class='ocr_line' id='line_1_51' title="bbox 256 2350 1361 2396; baseline 0.004 -13"><span class='ocrx_word' id='word_1_475' title='bbox 256 2350 446 2392; x_wconf 83' lang='lat' dir='ltr'>triumphali</span> <span class='ocrx_word' id='word_1_476' title='bbox 471 2350 639 2393; x_wconf 83' lang='lat' dir='ltr'>redempto</span> <span class='ocrx_word' id='word_1_477' title='bbox 959 2352 1107 2385; x_wconf 82' lang='lat' dir='ltr'>ascendit</span> <span class='ocrx_word' id='word_1_478' title='bbox 1132 2354 1248 2396; x_wconf 82' lang='lat' dir='ltr'>coelos,</span> <span class='ocrx_word' id='word_1_479' title='bbox 1274 2355 1361 2387; x_wconf 83' lang='lat' dir='ltr'>unde</span> 
     </span>
     <span class='ocr_line' id='line_1_52' title="bbox 257 2400 1182 2441; baseline 0.004 -9"><span class='ocrx_word' id='word_1_480' title='bbox 257 2400 403 2441; x_wconf 83' lang='lat' dir='ltr'>potentia</span> <span class='ocrx_word' id='word_1_481' title='bbox 957 2401 1182 2436; x_wconf 76' lang='lat' dir='ltr'>descenderat.</span> 
     </span>
    </p>
   </div>
   <div class='ocr_carea' id='block_1_7' title="bbox 1267 2458 1311 2488">
    <p class='ocr_par' dir='ltr' id='par_1_18' title="bbox 1267 2458 1311 2488">
     <span class='ocr_line' id='line_1_53' title="bbox 1267 2458 1311 2488; baseline 0 -14"><span class='ocrx_word' id='word_1_482' title='bbox 1267 2458 1311 2488; x_wconf 63' lang='lat'>5..</span> 
     </span>
    </p>
   </div>
  </div>
 </body>
</html>
