1655 2637
628 100 887 135 ‘237—

89 194 146 226 4a.
175 192 200 226 Ο
227 193 313 226 trina
789 199 849 234 4b,
872 199 933 239 Qui
957 200 1080 239 prolem

172 242 338 283 majestas,
877 256 1028 280 coaevum

171 293 332 331 perpetua
357 291 442 324 doxa
871 295 988 327 misisti
1011 296 1045 328 in
1070 305 1159 336 arva,

172 337 302 370 tibimet
327 339 466 372 adsistat
872 343 980 376 saecla
1003 353 1063 384 per
1088 355 1181 386 quem
1206 344 1294 379 facta

174 386 314 420 assidua.
872 395 947 424 sunt
971 392 1087 426 omnia.

91 475 147 507 5a.
173 472 220 505 Ut
244 482 335 505 suam
362 472 520 507 facturam
790 477 848 512 5b.
873 477 971 510 Ovem
995 479 1158 519 perditam

174 519 380 562 reformaret,
871 534 981 558 secum
1003 525 1111 559 ferens

173 572 280 602 tecum
306 579 401 611 quam
429 575 566 611 crearat,
872 574 1045 607 scanderet
1069 576 1111 608 ad
1135 575 1210 609 alta.

92 658 147 690 6a.
175 655 272 689 Unde
299 656 416 689 devota
439 656 537 690 turba
789 660 848 694 6b.
873 660 1109 702 Tripudiatque
1135 662 1233 703 digna

174 713 330 745 respuens
356 705 431 747 ima,
874 709 1084 742 contubernia

172 753 301 785 intuens
326 754 414 785 celsa
874 758 1022 790 coelestis
1046 758 1140 791 aulae

172 801 278 834 tendit
303 801 435 834 assidue
872 809 1058 838 sanctorum
1082 807 1250 846 praecelsa

173 853 281 882 mente
305 850 340 881 in
366 850 489 883 aethra.
874 851 987 886 favens
1013 855 1140 895 gaudia.

93 938 146 971 7a.
173 937 264 971 Inter
289 945 368 977 quos
791 939 849 974 7b.
873 939 973 978 Quem
997 942 1106 973 mente

171 982 321 1026 pontifex
875 988 1001 1020 decliva

175 1036 358 1074 conregnat,
874 1038 909 1067 ut
934 1035 1043 1069 solvat

177 1082 266 1122 qu'us
293 1082 426 1113 colimus
870 1083 925 1123 pie
949 1084 1089 1124 petimus

172 1139 258 1163 nunc
280 1129 446 1163 solemnia.
872 1136 984 1164 nostra
1010 1132 1155 1166 crimina.

91 1219 149 1251 Sa.
177 1216 346 1250 Condonet
371 1216 491 1250 delicta
788 1218 849 1253 sb.
875 1218 899 1251 Ο
930 1218 1050 1252 Christi
1076 1220 1209 1259 athleta,

171 1274 332 1307 preceque
357 1274 416 1297 sua
871 1276 950 1299 voce
971 1267 1140 1307 praecelsa

173 1317 269 1354 atque
293 1314 408 1346 merito
873 1315 933 1347 tibi
960 1317 1104 1348 carmina

173 1363 335 1402 capiamus
361 1362 429 1395 alta
873 1363 983 1396 demus
1008 1364 1042 1396 in
1068 1364 1131 1396 hac
1154 1362 1249 1405 festa,

173 1411 321 1443 coelestis
345 1411 438 1443 aulae
869 1414 907 1443 ut
931 1416 1038 1445 tecum
1063 1410 1149 1445 feras

172 1468 266 1492 sacra
287 1459 423 1492 moenia.
872 1469 969 1501 super
995 1462 1137 1496 aethera.

90 1547 146 1580 9a.
173 1546 240 1585 Quo
266 1546 371 1588 gloria
789 1549 847 1583 9b.
870 1548 961 1581 Inter
987 1557 1080 1580 sacra

173 1595 295 1628 coelica
872 1597 1001 1638 agmina

170 1642 378 1684 perfruamur
401 1653 440 1676 ac
463 1643 618 1677 melliflua
872 1646 1052 1678 trinitatem
1076 1644 1245 1685 intuentia,

556 1732 612 1766 10.
639 1733 728 1773 Quae
752 1732 845 1765 nobis
872 1732 913 1764 sit
938 1740 1005 1773 pax

638 1784 798 1821 perpetua

640 1833 738 1869 atque
760 1830 838 1863 vita.

162 1934 191 1962 D
218 1933 269 1962 fol.
298 1932 351 1962 141
388 1934 414 1962 b.
447 1948 487 1954 —
515 1933 571 1962 Ofr.
600 1933 670 1963 Ood.
698 1935 844 1963 Parisien.
874 1934 924 1970 (ol.
955 1934 986 1963 S.
1015 1934 1164 1962 Martialis
1189 1933 1323 1966 Lemov.)
1351 1930 1426 1961 1086

85 1980 161 2002 saec.
184 1969 220 2001 13
240 1974 278 2000 Σ.
292 1989 331 1993 —
347 1972 372 2009 1,
397 1972 410 2000 l
433 1973 552 2002 Adsunt
569 1973 647 2002 festa
665 1974 701 2001 Σ.
720 1989 757 1994 -
781 1972 805 2010 1,
828 1973 846 2002 2
867 1975 946 2003 sacri
965 1973 1003 2002 D.
1025 1988 1062 1992 —
1079 1970 1130 2008 3a,
1156 1972 1170 2001 1
1194 1973 1376 2001 Coelestium
1390 1973 1426 2000 Σ.

86 2026 124 2032 —
144 2011 197 2045 4a,
219 2010 238 2040 4
257 2013 312 2041 hat
331 2013 364 2040 in
383 2012 445 2041 DE
462 2013 536 2040 zwei
557 2012 661 2041 Silben
682 2013 766 2041 mehr
786 2014 831 2042 als
852 2013 905 2046 4b,
933 2011 960 2046 4,
983 2012 1114 2041 weshalb
1135 2012 1184 2040 die
1204 2012 1275 2040 Mel-
1295 2013 1328 2040 in
1351 2012 1379 2039 Σ
1396 2010 1428 2039 20

86 2053 158 2079 zwei
184 2050 284 2080 Noten
310 2052 517 2089 iiberspringt3
547 2051 595 2079 die
622 2051 757 2088 Sequenz
780 2052 874 2081 Adest
900 2052 976 2080 festa
1004 2051 1108 2080 domus
1129 2050 1278 2085 dedicata,
1308 2051 1356 2079 die
1377 2050 1431 2078 auf

87 2090 218 2119 dieselbe
236 2090 370 2120 Melodie
390 2091 475 2127 geht,
502 2090 641 2125 beweist,
671 2090 736 2119 dass
765 2090 850 2120 nicht
875 2094 950 2119 etwa
970 2089 1021 2126 4a,
1044 2089 1064 2119 4
1083 2092 1157 2119 zwei
1176 2089 1281 2119 Silben
1301 2099 1339 2118 zu
1356 2090 1427 2125 viel,

86 2129 214 2158 sondern
240 2129 293 2165 410,
322 2128 342 2158 4
369 2130 460 2158 deren
485 2131 559 2158 zwei
585 2139 624 2157 zu
649 2131 726 2158 weni
774 2130 835 2159 hat.
891 2130 944 2158 Ich
974 2131 1100 2166 erg'zinze
1126 2129 1218 2158 daher
1245 2130 1297 2158 das
1325 2129 1428 2158 diesen

86 2168 260 2205 Sequenzen
280 2177 314 2197 so
334 2168 484 2207 geliiufige
504 2176 577 2197 arva
596 2169 628 2196 in
648 2168 703 2204 41),
771 2170 833 2198 und
853 2169 938 2198 ziehe
958 2169 1058 2198 saecla
1083 2178 1121 2196 zu
1140 2168 1193 2203 412,
1217 2167 1244 2197 4.
1270 2183 1308 2187 —
1337 2167 1387 2203 62,
1409 2166 1427 2195 2

86 2216 229 2244 respuens
250 2216 330 2236 vana
343 2209 381 2236 Σ.
402 2223 441 2227 -
463 2208 515 2242 61),
537 2205 555 2236 3
576 2208 637 2236 und
657 2207 677 2237 4
698 2208 748 2237 des
763 2208 948 2237 Versmasses
968 2217 1072 2245 wegen
1093 2208 1272 2245 umgestellt,
1287 2223 1295 2227 -
1341 2207 1390 2241 7a,
1410 2204 1428 2234 2

86 2249 160 2276 statt
177 2247 312 2284 pontifex
332 2247 386 2276 hat
404 2248 437 2274 Σ
454 2247 492 2275 ad
512 2247 646 2275 libitum:
669 2248 829 2277 confessor.
843 2263 882 2268 -—
898 2247 950 2283 7b,
978 2247 989 2274 1
1015 2248 1079 2283 Quo
1100 2249 1137 2275 Σ.
1153 2262 1190 2268 -
1209 2246 1262 2282 73,
1285 2245 1303 2275 3
1324 2248 1430 2284 regnat

86 2286 123 2315 D.
148 2301 186 2305 —
207 2285 261 2320 71),
284 2284 302 2315 3
323 2287 423 2315 solvat
442 2286 487 2321 D,
516 2286 564 2314 die
583 2286 715 2315 Melodie
735 2287 867 2323 beweist,
892 2287 957 2316 dass
973 2286 1040 2315 hier
1058 2287 1121 2315 und
1140 2287 1193 2321 7a,
1215 2284 1234 2315 3
1255 2287 1304 2315 die
1322 2286 1433 2314 Lesart

85 2334 146 2353 von
167 2327 196 2354 ,Σ
216 2325 264 2354 die
286 2326 414 2363 riehtige
434 2327 482 2354 ist.
504 2340 542 2344 —
563 2323 615 2362 8a,
639 2324 653 2353 1
678 2326 824 2355 Condolet
845 2325 963 2356 delictis
983 2327 1019 2354 Σ.
1041 2340 1078 2345 —
1099 2323 1152 2361 8a,
1173 2323 1192 2353 3
1212 2326 1320 2354 merita
1338 2325 1376 2353 D.
1391 2339 1429 2343 —

85 2364 136 2399 921,
161 2365 175 2393 1
199 2365 258 2399 Qui
279 2366 316 2394 Σ.
