1655 2637
676 102 916 137 -56-

136 201 191 234 3a.
219 199 310 239 Quod
336 200 388 233 die
413 209 477 233 una

221 248 327 288 Petro,
353 248 501 288 Johanni‚
528 248 650 281 Jacobo

222 296 334 328 annuit
359 296 491 329 dextera

136 356 194 387 4a.
220 352 421 386 Vestimenta

217 403 255 434 ut
277 402 335 433 nix
359 402 444 440 alba,

220 448 319 481 facies
340 452 376 481 ut
402 449 617 490 phoebieoma.

135 508 190 540 5a.
217 507 317 546 Ajens
343 508 437 540 hero:
465 507 525 548 eja,

219 554 425 587 tabernacula

219 603 390 634 condamus
416 602 469 635 hie
492 603 565 636 tria.

136 660 191 692 6a.
219 660 316 692 Prole
339 668 411 691 mea
437 659 555 691 dilecta

218 707 251 739 in
276 715 328 738 me
354 707 544 746 complacita

137 764 191 797 Va,
218 764 374 804 Majestas
401 766 450 795 est
472 764 543 795 sola

217 812 302 852 regis
327 812 464 851 excelsa,

137 869 194 902 82„
221 869 311 902 Haec
336 871 385 900 est
408 867 544 908 pulchra
571 866 655 900 festa

219 916 317 948 cosmi
341 924 401 956 per
427 918 541 947 cuncta

136 974 191 1007 9a.
220 973 374 1013 Princeps
398 973 503 1014 Petra,
527 973 594 1012 jam

218 1020 435 1060 praecinendo
460 1029 545 1052 nunc
569 1023 675 1053 turma

217 1069 307 1111 haec,
334 1071 389 1100 tua
414 1067 537 1099 familia

827 199 887 234 3b.
910 199 949 231 In
975 198 1143 238 Olympiea

825 352 884 386 4¹0.

826 505 883 539 5b.

826 658 884 692 6b.

825 763 887 797 7b.

825 867 885 902 ssb.

826 972 886 1007 9b.

538 1126 593 1159 10.
622 1126 750 1159 Coeliea
774 1129 870 1166 tecta,

619 1182 681 1213 quo
706 1176 755 1206 est
779 1173 909 1206 trinitas
935 1178 1056 1207 saneta.

213 1244 243 1271 K
267 1243 316 1271 fol.
336 1242 394 1272 236
403 1251 429 1272 a.
453 1260 491 1264 —
511 1243 564 1279 4a,
585 1242 604 1272 3
626 1244 801 1280 plebieoma.
826 1259 865 1264 -
893 1241 947 1277 412,
969 1241 987 1271 3
1008 1245 1144 1280 Moysen.
1174 1244 1225 1278 511,
1249 1244 1265 1273 1
1288 1245 1356 1272 Vox
1377 1255 1403 1272 a.
1428 1259 1464 1264 -——

133 1279 186 1316 912,
209 1280 222 1308 1
245 1281 391 1319 Dupplex.

909 248 1015 279 nitens
1037 247 1117 286 juga
1141 245 1256 286 quibus
1283 255 1390 278 eoram

908 303 944 326 se
967 294 1103 335 praebet
1125 292 1238 335 figura.

908 352 1024 384 Petrus
1050 354 1175 392 spectat

910 400 973 432 duo
997 409 1063 432 una

911 457 981 480 cum
1006 448 1131 488 Moyse,
1161 456 1231 479 cum
1255 446 1339 481 Elia.

910 506 988 538 Mox
1013 514 1033 537 a
1056 505 1142 537 nube
1167 504 1256 537 clara

908 553 1040 593 placida
1063 554 1179 585 umbra

909 610 971 634 vox
995 601 1144 642 procedit
1171 609 1305 641 magna:

909 659 1031 691 Audite
1052 659 1119 698 jani
1149 658 1297 697 sophiam

911 715 988 738 aure
1014 714 1084 738 cum
1108 706 1231 738 intima.

910 763 999 802 Quae
1025 764 1114 796 dedit
1138 767 1314 803 praecepta

909 811 1044 844 celanda
1067 810 1135 843 illa.

908 867 1026 901 Adhuc
1050 868 1214 900 videbitur

909 915 983 948 talis
1007 916 1091 948 idea.

911 973 1056 1014 Supplex
1081 975 1114 1004 te
1138 975 1230 1015 rogat

909 1021 942 1052 in
968 1020 1030 1053 hac
1056 1020 1139 1053 festa
1163 1021 1341 1061 praecelsa,

911 1076 971 1108 quo
997 1077 1055 1101 nos
1083 1069 1180 1100 ducas
1207 1069 1249 1101 ad
1274 1068 1332 1100 illa

590 1393 633 1426 41.
654 1394 690 1425 ln
707 1393 833 1435 vigilia
853 1393 1003 1426 Paschae.

138 1463 169 1498 1.
195 1463 338 1497 Jubilate
360 1463 430 1496 Deo

194 1511 295 1544 omnis
320 1520 408 1554 arva,

134 1608 166 1640 2.
194 1606 275 1646 Quia
298 1608 394 1639 hodie
419 1616 476 1639 rex
503 1607 596 1640 heros

194 1655 340 1688 conditus
366 1658 459 1688 antro

193 1703 315 1744 quievit

191 1752 224 1783 in
249 1750 412 1791 sepulchri
438 1752 519 1783 aula.

827 1465 859 1498 3.

592 1812 625 1843 4.
653 1809 713 1848 Qui
735 1808 844 1842 Jesum

651 1858 761 1889 vivere
786 1856 933 1892 affantur.

209 1923 233 1951 B
253 1923 303 1950 fol.
318 1922 407 1951 170b.
423 1940 433 1943 -
449 1939 460 1940 ff
477 1922 519 1951 Ca
532 1923 581 1951 fol.
596 1922 668 1951 7512.
684 1937 721 1942 —
740 1923 768 1951 Ε
787 1924 837 1952 fol.
848 1922 939 1952 3051»
957 1940 992 1945 ——
1013 1922 1039 1959 3,
1061 1922 1079 1952 3
1101 1926 1184 1952 ocius
1202 1925 1278 1953 fehlt
1292 1925 1328 1953 Ε.
1348 1939 1387 1944 -
1407 1923 1434 1956 3
1449 1925 1465 1952 7

129 1961 267 1989 custodia
282 1961 386 1989 BCaE.
407 1977 446 1981 —
465 1961 492 1991 4.
515 1959 533 1988 2
553 1961 659 1989 affatur
678 1961 713 1989 Β.
733 1977 772 1981 -
791 1962 850 1991 Die
864 1962 995 1991 Melodie
1008 1963 1080 1990 Eisst
1093 1962 1141 1991 die
1155 1963 1365 1992 Abwesenheit
1375 1964 1467 2000 jeden

132 1999 357 2028 Paralleusmus
376 2000 535 2028 erkennen.

886 1466 987 1498 Porta
1010 1464 1143 1498 obtrusa

887 1513 1037 1545 mulieres

887 1560 974 1593 ocius
1000 1564 1172 1602 pergentes

889 1617 960 1641 eum
984 1611 1129 1641 aromata

886 1656 1024 1696 pulchra
1052 1660 1185 1690 cernunt

885 1704 955 1736 illic
979 1705 1094 1737 adesse

886 1754 1073 1793 angelorum
1098 1753 1289 1796 custodiam,

586 2112 636 2143 42.
659 2111 695 2143 lu
714 2110 838 2152 Vigilia.
858 2111 1006 2144 Paschae.

135 2182 152 2215 1
160 2208 167 2215 .
193 2181 266 2214 Jam
289 2184 397 2214 turma

194 2229 315 2261 coelica

134 2289 168 2320 2.
195 2287 298 2319 Laeta
321 2287 456 2319 reboans

191 2334 311 2372 jubilat

194 2392 277 2415 nova
300 2382 515 2415 melodemata

829 2185 860 2217 3.

828 2243 861 2274 4.

888 2184 980 2224 Regi,
1011 2183 1232 2224 triumphalia,

887 2241 1018 2274 Vexilla
1041 2244 1187 2281 reportat

888 2289 944 2329 qui
968 2292 1043 2329 post
1064 2292 1209 2322 tartarea

888 2337 1010 2379 spolia3

887 2387 1000 2417 nostra
1023 2387 1117 2417 canat
1142 2387 1247 2418 turma
