1655 2637
727 115 965 152 „70-

172 217 191 251 3
209 226 237 250 a.
264 216 356 249 Haec
382 215 449 249 dies
475 217 525 248 est
547 216 614 255 illa,
873 214 934 249 3b.
954 213 1001 247 Εῖ
1025 223 1088 255 qua
1113 213 1229 247 fraude
1255 215 1328 247 dira

262 265 295 296 in
324 272 384 305 qua
408 264 521 296 mortis
548 265 713 297 destructa
955 262 1052 295 turba
1079 261 1200 295 dudum
1227 261 1394 303 captivata

261 315 337 344 sunt
357 312 442 355 jura,
953 310 1133 351 redempta.

171 371 194 404 4
210 379 238 403 a.
265 369 404 411 Agmina
429 369 587 411 sublimia,
869 367 928 403 4b.
954 369 1111 402 creatura
1134 368 1283 409 humana,

261 426 393 450 numero
420 418 585 455 diminuta,
950 425 1012 458 per
1032 416 1184 450 offensam
1208 418 1349 461 perdita,

259 466 385 507 integra
409 469 484 498 sunt
507 464 596 498 faeta
951 474 1011 505 per
1035 466 1116 505 ligni
1138 466 1297 506 trophaea

260 513 313 545 die
333 515 398 546 ista
952 516 1001 545 est
1026 513 1147 546 coelica

260 561 420 594 dominica
441 561 555 602 gratia.
950 561 1087 593 reducta
1112 562 1155 595 ad
1181 561 1329 594 culmina.

172 620 230 652 5a.
258 618 313 651 Sic
334 619 425 651 unita
449 622 578 651 caterva
868 619 926 652 51).
951 619 1039 658 Quae
1064 628 1135 651 cum
1160 620 1244 652 stola
1270 619 1413 652 candida

259 666 403 699 celebrat
426 667 561 708 propria
951 667 1076 707 species
1100 666 1225 700 indicat

254 714 422 755 solemnia,
950 715 1106 755 angelica.

172 772 233 804 6a.
261 770 299 803 In
328 775 416 810 quus
440 771 611 810 praeclara
867 771 925 805 6b.
948 772 1124 805 Mulierum
1150 773 1250 804 corda

256 819 363 851 vultus
391 819 577 858 praesentia
951 820 1027 852 dum
1055 823 1176 860 pavent
1201 820 1326 859 timida,

257 869 411 898 corruunt
434 867 550 898 territa
948 875 1028 899 voce
1052 865 1210 899 melliflua,

256 914 424 946 custodum
447 914 574 954 agmina
950 915 1123 947 elementer
1147 916 1277 955 prolata

254 960 380 994 visione
949 962 1095 1003 angelica

258 1007 394 1049 fulguris
424 1008 583 1043 simulata.
948 1009 1133 1043 confortant
1156 1010 1315 1051 alloquia:

172 1067 230 1099 7a.
258 1065 342 1107 Non,
368 1066 482 1107 inquit,
507 1067 566 1099 illa
865 1066 922 1099 71³.
951 1067 1017 1099 Sed
1043 1077 1114 1100 eum
1138 1068 1243 1110 gloria

254 1114 309 1145 hie
334 1122 409 1146 earo
433 1116 546 1146 saneta
948 1114 1028 1147 vivit
1050 1116 1085 1148 in
1108 1116 1178 1148 vita

256 1163 305 1193 est
330 1170 424 1194 eruce
447 1171 554 1202 passa,
944 1163 1012 1202 jam
1036 1166 1205 1203 perpetua.

171 1220 228 1253 Sa.
255 1217 328 1251 Hac
352 1227 430 1250 voce
453 1222 608 1259 percepta
631 1227 793 1259 praecona
863 1219 922 1252 8b.
945 1220 1057 1253 Turba
1082 1221 1199 1253 dehinc
1223 1221 1403 1262 apostoliea

255 1266 344 1298 socia
947 1267 1047 1300 dubia

255 1314 410 1346 athletum
437 1314 571 1347 concilia
946 1316 1021 1348 dum
1044 1320 1163 1359 manet,
1190 1317 1253 1349 hac
1279 1318 1320 1350 de
1346 1326 1446 1350 eausa,

254 1362 404 1393 nuntiant
428 1362 539 1394 audita
946 1364 1132 1397 subintrans
1157 1366 1242 1398 atria

253 1412 286 1441 et
309 1409 381 1441 visu
403 1409 541 1449 probata
947 1411 1093 1445 Christus
1117 1413 1190 1454 ipse
1216 1412 1335 1453 clausa,

243 1457 284 1489 de
308 1456 386 1489 Jesu
412 1456 539 1491 Christo
565 1458 757 1490 testimonia.
945 1459 1023 1492 satis
1050 1463 1139 1493 certa
1161 1460 1265 1493 refert
1284 1461 1488 1502 probamina.

171 1514 227 1546 9a.
256 1513 311 1547 Sic
332 1517 446 1547 nosrta
861 1517 921 1552 eb.
948 1516 1117 1550 Confortet

252 1564 425 1602 penetrans
456 1564 565 1595 clausa
946 1565 1052 1606 gratia
1077 1574 1135 1598 sua

256 1610 362 1643 cordis
387 1613 514 1643 secreta
947 1614 982 1646 in
1006 1622 1087 1653 pace
1113 1623 1171 1647 nos

712 1670 768 1704 10
794 1671 950 1704 Aeterna.

245 1752 371 1782 Gb.f01
393 1752 429 1781 47
449 1754 479 1782 b.
500 1769 539 1774 —-
557 1753 611 1791 4b‚
632 1752 651 1781 2
672 1755 792 1784 offensa.
813 1772 851 1777 -
872 1755 923 1792 410,
945 1755 964 1785 4
981 1757 1094 1786 coelica
1116 1761 1170 1786 est,
1186 1774 1226 1779 —
1246 1757 1339 1794 5b,1
1363 1759 1437 1794 Qua.
1458 1776 1500 1780 -—

169 1790 219 1827 Ga,
240 1789 257 1820 3
281 1794 409 1820 ourmnt.
425 1807 461 1812 —-
482 1791 532 1827 6a,
554 1792 573 1820 4
593 1793 760 1822 αηεῖοᾶωιῖ.
774 1810 812 1815 —
832 1793 884 1830 Sa,
906 1794 924 1824 3
946 1796 1072 1825 acleum.
1087 1811 1125 1815 —-
1143 1795 1196 1833 81³,
1218 1797 1237 1826 4
1257 1781 1436 1826 subintrant.
1458 1815 1500 1820 -

166 1830 231 1859 Das
248 1830 361 1859 Fehien
382 1831 463 1859 einer
484 1831 568 1860 silbe
585 1833 619 1860 in
638 1830 690 1868 91),
709 1830 728 1861 3
749 1832 862 1862 erklsrt
880 1833 946 1862 sich
964 1835 1130 1873 regeireoht
1150 1845 1204 1864 aus
1225 1837 1292 1865 <lem
1309 1836 1438 1866 Sohiuss.

598 1963 645 1995 58.
686 1963 722 1996 In
740 1965 986 1997 Resurrectione
1005 1965 1064 1998 DN.

621 2044 653 2078 1.
681 2043 830 2078 Gaudeat
852 2047 999 2087 eeclesia,

678 2093 835 2126 innovant
858 2094 978 2135 gaudia

678 2141 760 2173 haec
776 2139 862 2175 festa
876 2142 1054 2182 paschalia.

171 2195 227 2226 2a.
256 2192 437 2226 Candidata
461 2203 546 2227 nune
571 2197 698 2237 agmina
864 2199 921 2234 2b.
945 2200 1040 2234 Nova
1063 2206 1240 2242 personent
1265 2202 1399 2248 famina,

253 2240 381 2273 Christo
404 2241 493 2274 laeta
948 2248 1095 2282 Christus
1120 2252 1234 2284 mundi

253 2291 403 2328 promant
428 2291 579 2331 carmina,
945 2296 1027 2329 lavit
1052 2298 1198 2333 crimina.

170 2347 227 2380 3a.
254 2346 371 2378 Mortis
395 2355 511 2386 passus
536 2348 696 2391 supplicia
863 2352 921 2386 3b.
945 2353 1044 2395 Signa
1068 2364 1182 2396 gerens
1207 2358 1360 2391 victricia

253 2395 366 2427 mortis
391 2393 490 2436 fregit
513 2396 660 2436 imperia.
945 2404 1088 2435 surrexit
1114 2405 1167 2437 die
1191 2406 1298 2439 tertia.
