1655 2637
95 779 148 813 la.

92 897 141 928 2a

91 1155 150 1188 aa.

93 1415 149 1448 4a.

95 1676 151 1708 δα.

95 1889 150 1921 6a.

92 2199 147 2232 7a.

567 582 638 627 III.
683 583 742 628 De
777 584 956 629 Sanctis,

444 698 499 730 115.
539 699 575 731 In
601 699 684 731 festo
713 698 853 731 Omnium
879 699 1074 732 sanatorum.

176 778 346 812 Hodierna
372 778 441 811 dies
466 779 580 812 rutilat

177 827 308 860 climata
333 827 420 859 orbis
444 836 505 868 per
530 829 639 869 ampla

146 921 154 929 .
178 894 247 934 Qua
270 895 465 928 intemerata

174 943 283 976 Maria

176 991 317 1024 exsultat
341 989 491 1030 formata,

176 1048 270 1080 quem
294 1039 371 1072 tulit
396 1041 485 1072 easta

176 1087 307 1127 dynami
331 1087 422 1119 mira.

173 1154 332 1195 Angelica

173 1205 224 1234 ter
246 1203 334 1235 ‘trina

175 1250 312 1291 agmina,

176 1301 333 1331 exornant
358 1299 442 1331 ati-ia

175 1355 256 1388 quae
279 1347 423 1388 uranica,

176 1414 439 1447 Patriareharum
464 1414 521 1454 pia

178 1463 316 1495 emicant
341 1465 414 1495 aeta

177 1510 285 1543 sidera
309 1520 406 1552 super
430 1510 549 1550 lucida,

177 1558 231 1599 qui
255 1559 343 1590 nacti
368 1557 489 1591 famina

177 1610 252 1639 sunt
275 1606 393 1639 herilia

178 1673 310 1706 Summa
332 1673 449 1706 merita

177 1721 351 1762 praecellis
375 1722 430 1763 qui
455 1725 580 1763 cuneta,

177 1770 353 1811 Johannes,
379 1770 465 1811 pelle
491 1772 602 1803 nostra

177 1827 275 1851 saeva
297 1818 431 1860 pericla.

177 1886 344 1919 Redimita
370 1888 501 1919 caterva

176 1937 355 1976 martyrum
382 1936 496 1968 laurea

180 1984 333 2016 decusata

176 2032 299 2066 honora
325 2035 356 2064 et
386 2033 496 2073 palma

175 2085 346 2122 reportans

175 2130 334 2170 trophaea
357 2131 451 2163 hoste
476 2128 585 2163 fortia.

175 2198 287 2231 Turba
313 2196 532 2231 confessorum
558 2197 696 2240 egregia,

174 2256 256 2288 quae
280 2246 487 2288 paradisiaca

135 2325 138 2328 .
174 2294 292 2329 frueris
318 2297 404 2340 aula,

173 2354 271 2386 prece
295 2348 409 2379 nostra

173 2395 262 2427 solve
286 2394 425 2428 vincula.

147 2455 167 2479 D
174 2462 186 2479 r
192 2461 204 2476 e
211 2463 226 2479 v
231 2463 244 2475 μ
250 2462 261 2478 a
269 2472 275 2481 .
290 2455 429 2479 Prusa-rium
442 2455 621 2480 Lemovicense.

789 780 847 814 ib.

788 895 846 929 ab.

788 1154 847 1187 ab.

788 1414 847 1447 41³.

791 1674 851 1707 512.

791 1886 848 1920 6b.

792 2197 848 2232 7b.

868 780 951 821 Regi
975 782 1112 820 sacrata,
1139 780 1194 821 qui
1219 789 1335 821 supera

869 829 1057 862 moderatur
1079 831 1175 869 atque
1198 828 1271 863 ima.

870 895 946 929 Sola
970 904 1051 935 quae
1070 895 1169 935 janua

870 943 959 984 regia

871 993 987 1030 exstat,
1014 999 1076 1030 qua
1100 990 1217 1023 amissa

870 1039 1020 1072 redditur
1044 1038 1122 1079 vita,

871 1087 1030 1119 scandunt
1054 1087 1108 1128 qui
1135 1087 1228 1120 celsa.

869 1153 1066 1193 Tripudiant

870 1201 988 1234 melica

873 1249 999 1282 cantica

871 1305 952 1330 voce
975 1295 1132 1330 laudiflua

872 1346 907 1378 in
932 1354 1007 1377 arce
1030 1355 1163 1381 summa.

869 1413 921 1446 Ae
944 1415 1053 1445 vatum
1079 1414 1209 1446 oracula

871 1459 1060 1502 multifaria,

871 1512 987 1543 vernat
1009 1510 1124 1551 quibus
1151 1511 1297 1551 ecelesia,

872 1560 1044 1599 praesente
1065 1561 1189 1592 retecta

874 1605 1001 1640 Christo
1027 1607 1142 1640 omnia.

874 1673 972 1708 Clara
990 1673 1122 1714 lumina,

874 1730 954 1754 arva
977 1730 1059 1762 quae
1083 1726 1245 1764 serenant,

874 1770 977 1803 Israel
1004 1770 1154 1803 duodena

870 1818 1061 1859 judicantia.

871 1887 1005 1920 Imitata
1029 1887 1137 1927 opima

874 1935 1010 1977 vestigia
1035 1944 1099 1968 una

874 1993 932 2016 nos
957 1984 999 2018 ad
1025 1984 1093 2017 alta

876 2033 1023 2074 evehant,
1051 2042 1112 2074 quo
1139 2037 1255 2067 cuncta

874 2090 1009 2115 amoena

873 2134 949 2163 sunt
971 2130 1157 2171 passimque
1181 2128 1300 2165 felicia.

870 2198 1048 2232 Eremitiea
1072 2202 1160 2231 serta
1185 2196 1311 2241 fulgida

875 2247 1047 2281 candentia
1074 2247 1219 2281 dindima

874 2305 971 2337 super
996 2296 1129 2330 aethera

873 2345 966 2378 nobis
992 2355 1050 2378 sua

875 2394 953 2428 dent
977 2396 1124 2435 collegia.
