1655 2637
698 86 939 121 ,39-

150 183 208 217 7a,
235 183 303 216 Sed
326 192 388 225 per
412 186 499 217 tuam
854 185 913 220 710.
941 185 1057 219 Omnes
1080 193 1139 217 nos
1160 183 1215 217 fae

233 241 360 265 sacram
382 233 598 273 nativitatem,
933 234 968 265 in
992 233 1055 265 hac
1081 232 1133 265 die
1158 234 1328 274 praeclara

235 290 253 313 ο
278 280 428 321 Domine,
930 281 1105 322 Jucundari

617 340 649 372 8.
675 339 784 379 Atque
808 339 925 371 laetari

677 389 820 427 ovantes,
848 387 977 421 Christe

673 444 742 476 rex,
767 434 917 468 feliciter.

229 493 254 521 B
275 493 325 521 fol.
348 491 405 521 164
419 494 449 521 b.
471 510 510 514 —
529 491 582 529 2³7
602 492 618 521 1
640 493 787 521 dixerunt.
808 508 846 512 -
866 491 919 525 3b‚
937 491 951 520 1
973 494 1052 521 Tota
1071 494 1181 521 zu'iada.
1197 508 1236 512 —
1250 491 1302 527 3¹0,
1317 490 1336 519 2
1350 492 1396 520 sol
1415 489 1484 529 [sic]

149 532 231 559 luna.
252 547 289 550 —
310 531 363 566 412,
386 530 403 560 3
433 532 581 560 sedilium.
601 548 640 552 —
659 531 677 559 7
684 540 709 567 a,
732 529 750 560 3
772 540 789 559 ο
811 532 940 569 erg'anzt.
961 546 999 550 —
1018 531 1073 566 Ἠ),
1096 529 1114 559 2
1137 531 1314 569 praeclaros.
1335 545 1372 550 -—
1393 529 1445 566 511,
1468 531 1484 558 1

151 570 200 598 die
225 571 407 607 Vei-letzung
434 571 485 599 des
509 570 695 599 Versmarses
723 570 836 598 erklart
862 570 940 604 sich,
972 569 1064 597 durch
1090 569 1147 599 den
1170 569 1318 605 Wunseh,
1350 570 1403 597 <las
1430 570 1485 597 tris

149 608 262 645 hagion
277 609 362 637 nieht
379 618 419 637 zu
437 609 677 645 vergewaltigen.

628 664 677 695 20.
697 663 735 695 In
753 662 931 694 Nativitate
949 662 1006 694 DN.

665 716 697 749 1.
723 715 946 756 Epithalamia

151 770 209 803 2a.
236 767 336 808 Affla,
362 768 463 801 reboa
848 767 908 801 ab.
933 767 1037 800 Divae
1061 775 1113 800 me
1138 768 1248 809 virgae

236 817 375 849 Domino
399 817 487 849 edita
930 816 1093 849 osculetur
1113 817 1182 857 J’am
1205 815 1275 855 floS,

234 865 399 898 Ididiaeia.
419 866 502 906 lyra.
932 864 1055 905 gratior
1081 868 1130 897 est
1153 864 1287 905 myrrha
1312 864 1398 905 quia.

151 920 208 952 3a.
232 918 414 960 Unguentis
848 916 906 951 3b.
933 918 1075 949 Austera

234 964 407 1007 flagrantia
431 967 560 1006 optimis
929 965 1010 1005 legis
1035 968 1220 1006 praecepta,
1248 965 1360 997 bacchi

234 1019 441 1046 sacrosancta
931 1021 1013 1052 quae
1036 1011 1177 1053 figurant

233 1065 291 1094 tua
313 1061 425 1102 ubera,
930 1060 1012 1092 haee
1035 1063 1197 1094 nectarea.

148 1117 206 1148 4a.
233 1113 393 1147 Melliflua
846 1112 909 1146 alb.
934 1113 1058 1145 Areola

234 1163 378 1195 carmina
403 1163 579 1204 quadrigae
932 1161 1051 1194 dilecta
1077 1170 1158 1201 quae
1183 1162 1272 1194 venit

236 1210 410 1244 Cherubim
928 1209 1038 1241 Maria

233 1259 295 1291 hoo
318 1260 456 1291 resultat,
479 1260 606 1300 pupilla
931 1260 980 1289 est
1003 1258 1128 1291 intacta
1152 1259 1308 1299 sportula.

149 1314 206 1345 5a.
232 1312 343 1352 Inquit
368 1313 501 1353 sophia:
846 1311 902 1343 5b.
929 1310 1136 1355 Intemerata,

232 1360 320 1393 Ecce
344 1369 506 1401 puerpera
929 1358 1034 1391 Deum
1059 1360 1199 1393 oraculis

231 1409 342 1450 genuit
365 1409 567 1450 Emmanuel,
926 1408 1158 1448 prophetarum
1182 1407 1386 1449 promissum«

229 1465 339 1498 regem
362 1458 397 1489 in
419 1458 550 1490 saecula
926 1465 1078 1497 magnum
1101 1458 1136 1489 in
1162 1456 1301 1497 saecula,

229 1505 388 1546 sistentia,
927 1505 982 1545 qui
1007 1507 1156 1545 tempora

229 1557 396 1595 regentem
421 1557 538 1587 cuncta
928 1553 1073 1593 disponit
1096 1554 1227 1594 replens

230 1602 330 1634 cosmi
356 1606 475 1643 creata,
924 1601 1047 1642 pietate
1071 1611 1139 1635 sua.

145 1656 202 1688 6a.
229 1655 372 1688 Pulchra
395 1656 500 1688 amica
526 1665 559 1688 es
585 1659 621 1689 tu
644 1666 726 1697 mea,
842 1654 901 1689 61).
929 1654 994 1687 Ceu
1018 1655 1322 1688 Hierosolomonina

229 1704 336 1735 suavis
925 1706 1040 1735 ornata

229 1754 326 1793 atque
353 1752 516 1797 decorata,
926 1750 1009 1784 fulvi
1032 1761 1118 1784 nunc
1140 1753 1282 1785 bractea.

145 1807 200 1840 7a.
228 1805 338 1845 Qualis
365 1808 415 1837 est
440 1805 580 1838 dilectus
603 1809 677 1839 tuus
842 1804 901 1839 712.
927 1806 969 1838 In
992 1804 1098 1846 figura
1122 1805 1305 1838 rubicunda

228 1863 266 1886 ex
294 1854 424 1895 dilecto,
452 1854 540 1887 inter
923 1863 999 1886 mox
1024 1853 1146 1887 candor
1171 1855 1288 1887 emicat

223 1903 365 1945 virgines
923 1902 1086 1944 segregati

225 1961 243 1984 ο
269 1951 418 1992 pulchra,
443 1952 559 1993 inquit,
586 1952 730 1994 sponsa?
922 1952 957 1984 in
979 1952 1070 1984 mille
1096 1954 1129 1984 et
1151 1952 1252 1985 milia.

140 2007 197 2040 8a.
226 2005 332 2046 Caput
352 2006 472 2038 lamina
839 2005 898 2039 812.
921 2006 1051 2047 Suaque
1077 2014 1169 2039 coma

223 2055 292 2095 ejus
318 2057 424 2087 exstat
920 2057 958 2086 ut
982 2055 1087 2087 elatae

222 2103 294 2136 auri
318 2104 470 2144 pretiosis
496 2104 629 2146 gemmis
654 2105 777 2137 inserta
916 2104 1479 2146 palmarumquasieorvuscaerulea.

138 2159 194 2192 9a.
221 2157 285 2190 Dei
306 2157 383 2190 idea
837 2157 895 2191 9b.
918 2157 1029 2190 Psalle
1053 2160 1099 2198 tu,
1125 2168 1262 2199 sponsa:

221 2206 324 2239 Nobis
351 2207 407 2240 det
430 2209 468 2239 ut
492 2207 609 2249 omnia,
918 2205 1012 2239 Salus
1038 2208 1070 2238 et
1095 2207 1234 2240 victoria

219 2264 302 2297 quae
326 2258 402 2288 sunt
425 2256 529 2297 patris
557 2259 589 2289 et
613 2266 672 2289 sua
918 2255 969 2287 illi
995 2255 1039 2287 sit
1064 2258 1095 2287 et
1121 2257 1228 2298 gratia

217 2304 364 2345 praemia
387 2307 521 2338 aeterna
918 2305 1027 2337 omnia
1047 2313 1108 2345 per
1133 2306 1251 2346 saecla,

218 2352 376 2387 Olivifera
919 2353 1126 2394 Trophaeuin
1148 2363 1279 2396 perpeS‚

216 2403 508 2444 immarcessibilia,
920 2402 1024 2435 virtus
1050 2405 1147 2445 atque
1171 2406 1328 2444 potestas.
