1655 2637
163 396 225 427 2a.

167 598 226 630 3a.

172 1296 230 1327 4a.

174 1491 231 1523 5a.

176 1639 234 1671 621.

178 1740 233 1771 Ta.

177 1887 234 1919 8a.

177 1989 235 2021 θα.

704 119 945 154 „94—

605 215 654 247 80.
675 214 710 246 In
730 213 813 247 sesto
833 211 1041 245 Pentecostcs.

570 288 600 321 1.
626 287 698 319 Rex
722 284 834 318 mundi
860 283 1040 317 dominator

629 334 682 367 die
706 333 871 366 hodierna.

251 393 477 434 'triumphavit
497 393 631 434 impleta

251 442 421 483 prophetia

251 490 335 522 sicut
359 490 434 522 olim
455 488 618 529 praedixit

248 539 282 570 in
307 547 394 572 arva.

252 595 453 628 Abstrahens
478 603 545 633 sua,

254 652 335 685 quae
358 643 496 675 redemit
520 641 633 682 spolia.

252 692 331 725 Cum
357 691 502 731 potentia

253 740 415 778 traxitque
438 737 604 778 praedam,

255 796 336 828 quae
358 787 436 818 olim
459 784 565 818 fuerat

255 835 416 876 captivata

256 885 391 923 propter
416 881 543 921 culpam

255 930 439 971 primaevae
464 931 639 968 creaturae,
684 944 699 961 ,κ

685 853 697 861 ε
730 873 742 882 at
795 867 811 884 ss

727 925 742 942 ss
760 907 764 909 η
795 925 810 942 *

253 996 369 1030 Erexit
393 996 518 1036 sibique

255 1047 380 1085 gentem
402 1044 572 1084 gloriosam

255 1100 426 1133 resurgens

256 1149 295 1172 ex
319 1140 452 1171 mortuis
476 1140 544 1171 vita

254 1187 397 1229 pollente

256 1235 375 1268 virtute
400 1236 540 1267 aeterna.

258 1291 324 1325 Sed
349 1294 572 1332 exspectarent

257 1340 415 1380 promissa
438 1338 548 1372 futura

259 1387 354 1430 [quae
378 1387 573 1427 revelarent]

257 1435 360 1476 patris
384 1444 502 1467 arcana

260 1488 338 1521 Cum
363 1488 512 1528 completi

260 1540 365 1568 essent
392 1536 459 1568 dies

259 1584 498 1625 quinquaginta,

259 1636 420 1677 Discipuli
446 1639 541 1677 atque

262 1685 362 1717 omnis
385 1684 496 1725 lingua

259 1738 405 1777 Repente

260 1795 355 1818 sonus
371 1786 461 1818 venit
479 1785 519 1818 de
536 1786 657 1826 aethra,
680 1783 808 1818 flamma

262 1842 448 1866 corruscans
471 1837 567 1874 ignea

262 1886 353 1919 Tunc
375 1887 514 1927 replevit

262 1942 369 1966 omnes
396 1935 539 1967 divinum
563 1943 709 1974 pneuma.

260 1986 323 2018 Dei
345 1986 524 2027 magnifica.

260 2034 323 2066 Dei
346 2034 526 2074 repletique

262 2082 424 2122 magnalia

263 2133 435 2169 coeperunt
460 2139 519 2170 per

261 2178 389 2218 prolixa
414 2181 572 2211 terrarum

261 2226 368 2266 spatia

717 2280 773 2314 10.
798 2279 942 2314 Saecula.

856 391 915 424 2b.

858 592 916 626 3b.

864 1292 925 1326 4b.

866 1488 924 1521 5b.

867 1637 926 1670 6b.

867 1739 927 1772 7b.

867 1888 927 1922 8b.

868 1988 928 2021 970.

939 389 1071 423 Calcata
1096 389 1211 428 morte,
1236 385 1330 418 hoste

938 436 1123 477 furibunda,

942 484 1102 518 destruxit
1129 484 1197 524 ejus
1223 485 1329 515 castra

939 532 1071 566 foetida.

943 590 1248 631 Discipulorumque

945 639 1044 672 corda
1064 647 1168 678 nuper
1192 639 1319 669 moesta

943 687 1061 728 gaudia

943 733 1177 768 demonstravit
1202 733 1291 765 clara

941 783 1113 816 ostendens

942 832 988 864 eis
1011 831 1168 863 miracula

941 898 1109 931 Humanae
1135 898 1250 939 camiS,

943 947 1129 978 cicatricum
1155 946 1307 986 vulnera;

942 993 1110 1026 Praedixit
1135 993 1236 1026 verba

946 1041 1140 1082 evangelica,

944 1090 1030 1131 quod
1055 1090 1180 1129 repleta
1202 1092 1309 1121 essent

945 1147 1037 1170 sacra
1064 1137 1160 1177 dicta,

947 1194 1140 1218 convescens
1165 1185 1211 1216 eis

947 1243 1007 1274 per
1033 1234 1101 1266 dies
1127 1233 1350 1274 quadraginta.

948 1291 1040 1323 Haec
1065 1300 1136 1322 cum
1163 1290 1309 1331 dixisset,

946 1338 1130 1372 videntibus
1153 1338 1221 1370 illis

948 1395 1019 1419 eum
1043 1386 1185 1427 suscepit

947 1435 1049 1467 nubes
1073 1434 1258 1474 splendida.

946 1488 1050 1521 Erant
1076 1495 1185 1520 omnes

951 1536 1135 1577 congregati

947 1586 1056 1616 mente
1078 1593 1143 1616 una

948 1637 1041 1676 Quod
1066 1637 1131 1677 egit
1154 1645 1273 1677 supera

951 1688 983 1717 et,
1006 1685 1041 1717 in
1065 1688 1163 1720 terra.

951 1737 1129 1770 Descendit

950 1795 1011 1827 per
1029 1788 1145 1819 cuncta
1166 1786 1348 1827 linguarum
1366 1794 1502 1827 genera3

953 1843 1063 1867 eorum
1086 1837 1221 1874 pectora

949 1887 1176 1928 Unusquisque

951 1935 1077 1968 audivit
1101 1944 1160 1968 sua
1182 1935 1292 1976 lingua

952 1988 1075 2021 Cuncta
1099 1988 1291 2027 praedicare

951 2045 1060 2068 omnes
1084 2035 1119 2068 in
1135 2036 1271 2079 Judaea,

949 2084 1119 2125 baptizare

950 2132 985 2164 in
1010 2131 1126 2165 Africa

951 2190 1014 2213 uno
1040 2180 1235 2221 baptismate

951 2228 1036 2261 lotos
1060 2236 1120 2269 per

256 2341 285 2369 D
310 2340 360 2368 fol.
384 2338 438 2367 152
461 2348 487 2367 a.
509 2354 547 2359 ——
566 2338 625 2375 3a,
657 2339 675 2368 2
697 2349 793 2376 quem.
814 2356 854 2362 —-
872 2340 931 2378 32,
955 2341 974 2370 4
993 2344 1087 2371 traxit
1104 2342 1253 2378 praedam.
1276 2359 1314 2363 —
1334 2341 1387 2378 43,
1407 2343 1509 2372 fehlen

181 2380 250 2409 ffinf
268 2379 372 2407 Silhen
391 2387 439 2406 am
459 2379 635 2407 Versmasse.
660 2396 698 2400 —
717 2379 779 2415 412,
806 2378 824 2409 3
844 2382 1033 2418 suscepitque
1052 2381 1139 2410 nubs.
1159 2397 1198 2403 --
1217 2381 1270 2417 8³,
1293 2381 1308 2410 1
1329 2383 1448 2419 repleti.
1468 2397 1508 2402 ——-

180 2417 234 2453 91),
257 2416 275 2447 3
297 2419 449 2454 baptizari.
469 2432 507 2436 —
528 2415 582 2455 9b,
604 2417 621 2447 6
641 2427 700 2447 uno
722 2418 778 2447 loti
797 2419 955 2456 baptismo.
