1655 2637
219 229 273 262 6a.

218 383 274 417 7a.

215 584 273 618 8a.

215 738 269 772 9a.

234 1391 290 1423 2a.

233 1592 289 1625 3a.

230 1986 287 2018 4a.

231 2187 286 2221 5a.

763 131 996 167 ..96-

301 228 432 270 Repleti

301 280 376 310 sunt
401 278 518 318 spiritu
543 282 654 311 sancto

302 329 334 357 et
359 329 534 366 coeperunt
556 326 645 367 loqui

301 384 404 416 Facta
429 386 535 416 autem

302 432 365 464 hac
390 440 468 464 voce
493 431 642 465 convenit

298 479 470 512 multitudo
496 483 529 512 et

296 531 404 560 mente
430 531 479 559 est
505 526 638 561 confusa

301 585 390 625 Quae
413 586 503 618 nulla
526 586 614 618 valet
638 588 778 619 omnium

299 633 527 674 comprehendi
549 634 699 675 solertia3

300 683 415 714 cuncta
441 681 528 713 clara
552 682 670 723 sidera,

296 738 341 771 Ut
366 738 455 779 digni
480 739 628 780 accipere

294 795 475 818 mereamur

296 843 395 875 regna
420 834 570 867 coelestia
594 837 715 869 sancta.

912 229 972 263 61).

995 228 1101 261 Variis

993 276 1111 318 linguis
1137 275 1276 317 apostoli

993 325 1114 359 Christi
1140 323 1310 366 magnalia.

910 384 928 416 7
937 382 968 417 b.
989 382 1155 416 Audiebat

908 585 967 619 8b.

908 738 966 773 9b.

991 431 1209 472 unusquisque
1232 430 1377 471 linguam

992 488 1083 512 suam
1108 480 1275 520 loquentes

991 527 1054 560 Dei
1076 527 1232 567 potentia.

990 586 1172 618 Potestates
1198 588 1231 617 et
1251 584 1400 621 virtutes,

990 633 1184 666 intercedite
1208 642 1268 674 pro
1293 633 1387 665 nobis

992 681 1138 714 omnibus
1163 682 1206 714 ad
1231 680 1415 715 Dominum.

991 740 1079 780 Jesu,
1106 739 1294 780 redemptor
1318 738 1412 781 bone,

993 788 1035 820 da
1059 787 1161 831 nobis,
1190 787 1276 828 quod

992 834 1053 879 [te]
1078 836 1218 876 petimus
1242 835 1276 867 in
1300 835 1438 868 saecula.

713 894 767 928 10.
792 893 879 926 Laus
905 893 965 925 tibi
991 894 1035 925 sit

795 944 828 973 et
850 941 963 983 gloria.

288 1006 312 1033 Β
333 1006 383 1033 fol.
406 1003 461 1033 189
483 1014 509 1034 a.
530 1021 568 1026 —-
587 1006 614 1034 E
634 1007 685 1035 fol.
706 1004 763 1034 258
783 1016 809 1035 a.
830 1022 869 1027 —
889 1004 942 1043 ssa,
966 1006 980 1035 1
1003 1008 1074 1035 dare
1094 1016 1219 1036 munera
1237 1007 1300 1035 BE.
1322 1023 1358 1027 —
1381 1007 1432 1042 ὕει,
1455 1005 1472 1035 5
1498 1007 1545 1035 di—

211 1044 298 1071 vinus
321 1044 358 1072 E.
379 1059 418 1064 -—
441 1042 492 1080 621,
516 1043 534 1073 3
556 1047 585 1072 et
603 1045 678 1073 fehlt
695 1045 757 1074 BE.
779 1061 815 1065 —
838 1044 889 1083 8a,
913 1044 928 1073 1
950 1046 1033 1074 nuno
1053 1046 1093 1080 133
1115 1045 1325 1083 comprehendi
1346 1048 1477 1075 omnium
1497 1046 1543 1083 E;

211 1081 434 1118 comprehendit
454 1085 583 1111 omnium
596 1083 631 1111 B.
650 1099 689 1103 —-
711 1083 762 1119 Sa„
783 1082 801 1112 3
826 1084 936 1113 Christi
956 1088 1064 1113 cuncta
1075 1084 1112 1111 E.
1134 1100 1171 1104 —
1192 1084 1246 1119 910,
1269 1082 1287 1113 3
1300 1094 1353 1120 per
1367 1085 1490 1113 saecula
1500 1085 1544 1113 E.

651 1176 699 1208 83.
719 1176 756 1208 In
775 1175 855 1209 festo
874 1177 1084 1209 Pentecostes.

613 1238 643 1271 1.
671 1238 766 1270 Nunc
791 1240 930 1271 exsultet

672 1286 774 1318 omnis
799 1288 936 1320 mundus

671 1335 746 1374 quia
769 1334 867 1367 hodie
890 1343 949 1367 rex
973 1335 1078 1368 vietor

316 1390 543 1430 Triumphavit
569 1393 601 1422 et
626 1391 704 1424 vicit

314 1438 365 1471 leo
390 1436 485 1470 fortis

318 1487 359 1519 de
382 1486 471 1518 tribu
495 1487 583 1521 Juda
606 1487 716 1519 radix-

315 1543 376 1575 que
398 1534 507 1567 David

318 1591 485 1625 Collocans
510 1592 584 1625 illos

314 1640 348 1672 in
372 1642 535 1673 aeternam
560 1641 705 1681 gloriam.

313 1688 527 1720 Praedixerat
549 1689 622 1728 ipse

309 1736 377 1776 jam
401 1736 478 1777 suis,

313 1783 399 1825 quod
424 1784 477 1817 die

312 1833 410 1865 tertia
434 1835 635 1874 resurgeret3

311 1881 523 1923 Adimplevit,

312 1929 396 1961 sicut
421 1929 513 1970 dixit,
540 1930 647 1963 hodie.

314 1985 474 2018 Exterriti
500 1987 648 2019 custodes
673 1997 754 2029 prae

313 2034 438 2074 timore,
464 2034 651 2067 mulieribus

312 2081 444 2122 angelus

310 2128 433 2161 blande
457 2129 573 2162 affatur
596 2130 730 2171 loquens
751 2132 837 2168 illis:

313 2186 431 2218 Videte
453 2187 568 2228 locum,

311 2234 367 2266 ubi
392 2232 455 2266 fuit
478 2234 645 2277 Dominus,

311 2282 535 2325 recordamini,
562 2283 642 2323 quid
666 2285 778 2318 vivens

312 2330 436 2362 locutus
461 2331 514 2370 sit,

313 2379 398 2419 quod
420 2378 493 2418 ipse
519 2378 571 2411 die

310 2427 407 2459 tertia
430 2429 624 2468 resurgeret,

926 1392 985 1425 2b.

925 1592 984 1627 ab.

923 1988 983 2022 4b.

923 2191 981 2223 5b.

1006 1392 1213 1432 Exspoliavit
1238 1391 1343 1425 furem

1009 1444 1043 1473 et
1066 1441 1232 1473 crudelem

1009 1498 1083 1522 suos
1108 1497 1217 1520 secum
1241 1488 1372 1522 reduxit

1009 1537 1165 1578 captivos,

1006 1594 1062 1627 Ad
1087 1596 1328 1627 monumentum

1010 1642 1157 1675 custodia
1181 1642 1298 1683 posita,

1008 1690 1130 1723 Terrae
1154 1693 1260 1723 motus
1285 1700 1422 1732 magnus

1008 1738 1113 1771 factus
1139 1741 1197 1783 est,

1007 1787 1139 1829 angelus

1008 1836 1051 1868 ad
1074 1835 1219 1877 lapidem
1244 1836 1415 1877 accedens,

1006 1884 1107 1925 Quem
1130 1884 1270 1918 revolvit

1008 1935 1041 1964 et
1065 1932 1152 1965 sedit
1179 1941 1278 1974 super
1302 1942 1382 1965 eum.

1006 1989 1117 2023 Nolite
1143 1998 1369 2032 expavescere,

1007 2048 1065 2071 vos
1091 2038 1186 2070 Jesus
1212 2047 1305 2080 quem
1332 2040 1501 2082 quaeritis,

1004 2096 1070 2119 non
1096 2089 1145 2118 est
1168 2087 1223 2119 hic

1005 2134 1157 2175 surrexit,
1182 2138 1221 2167 ut
1243 2135 1317 2175 ipse
1337 2137 1517 2177 praedixit.

1004 2191 1050 2224 Et
1074 2201 1160 2224 nune
1186 2194 1298 2225 euntes

1004 2240 1190 2272 nuntiantes
1217 2240 1327 2281 dicite,

1004 2290 1043 2319 ut
1063 2293 1244 2329 properent
1270 2289 1424 2331 discipuli

1007 2335 1210 2377 Gallilaeam,

1005 2384 1098 2417 illum
1123 2385 1245 2425 videre,

1007 2432 1102 2464 sicuti
1127 2433 1322 2473 promissum
1348 2438 1408 2470 est,
