1655 2637
727 124 991 161 ——190-

195 224 213 256 7
221 232 250 257 a.
278 222 359 256 Oves
386 223 505 256 Christi
884 223 903 257 7
911 222 942 255 b.
967 222 1047 254 Visu
1071 219 1204 254 Rachel.

277 271 456 312 suscepisti,
967 270 1075 303 fructu
1099 269 1170 307 Lia,

279 319 447 361 diligenter
965 317 1099 351 Martha
1122 316 1228 349 factus

277 368 433 411 enutristi,
968 368 998 399 et
1021 365 1138 407 Maria,

276 424 399 457 gemma
420 417 571 457 pretiosa.
967 415 1092 455 lampas
1116 412 1284 446 luminosa.

195 484 252 517 8a.
278 482 374 515 Nunc
398 484 525 523 expleta
884 481 942 516 81).
963 480 1007 514 Et
1031 484 1166 521 peecata

276 531 361 563 vitae
386 534 480 572 meta,
965 531 1155 569 perpetrata

278 577 358 611 felix
382 579 518 611 victoria
966 585 1027 617 per
1050 580 1084 609 te
1108 577 1173 608 sint
1198 575 1325 615 sepulta

277 635 414 667 regnans
437 627 471 659 in
494 627 608 668 gloria,
966 624 1121 664 nobisque
1144 623 1283 657 indulta⁴

277 683 371 714 nune,
400 674 516 707 caritas
542 675 647 715 plena.
968 681 1006 705 ae
1031 671 1175 712 praemia
1201 670 1263 704 fine

276 722 381 754 Deum
405 722 497 754 nobis
969 720 1111 752 carentia

277 770 427 809 precibus
451 778 573 802 serena.
970 769 1067 801 donet
1091 768 1226 800 theoria.

198 838 256 870 9a.
282 838 346 870 Per
369 840 411 872 te,
440 836 566 869 Christe
589 836 719 877 Messia‚
747 837 801 877 qui
886 835 945 870 91).
969 835 1047 868 Cum
1061 843 1122 874 quo
1135 837 1274 875 pateret
1285 836 1460 874 pneumata
1473 836 1523 866 est

278 884 372 917 homo
398 883 501 917 factus
968 891 1033 915 una
1057 882 1159 915 virtus

278 941 311 964 es
338 942 376 964 ex
400 931 516 974 Marias
968 930 1105 971 simplex
1130 930 1210 970 usia,

622 999 677 1032 10.
704 999 773 1039 Ipsi
797 1008 856 1039 per
882 999 1010 1031 saecula

703 1047 774 1079 laus
798 1047 902 1080 honor
927 1049 959 1077 et
983 1045 1096 1087 gloria.

274 1113 299 1141 F
318 1109 553 1141 fol.15=3b.-
574 1110 626 1146 Ga,
649 1110 665 1139 1
686 1114 829 1146 epi-‚mota
857 1126 895 1131 —
923 1109 976 1145 611,
997 1110 1014 1138 5
1037 1112 1194 1139 Dominus.
1213 1126 1252 1131 -—
1271 1108 1325 1142 8a,
1346 1109 1363 1138 6
1384 1110 1523 1147 precibus

196 1152 351 1179 1101115-
370 1148 423 1184 31),
452 1149 469 1178 5
496 1152 592 1186 atque.
619 1166 657 1170 —
684 1149 737 1181 91),
764 1147 782 1176 2
808 1158 868 1177 una
887 1151 982 1177 virtus
1011 1152 1063 1177 est.
1094 1164 1126 1168 —
1155 1149 1212 1176 Die
1240 1148 1279 1176 Se
1281 1156 1376 1185 quenz
1384 1119 1437 1176 Pist
1457 1149 1523 1177 eine

196 1171 436 1225 Ubetarheitung
458 1188 509 1216 der
522 1188 792 1226 voi-hergehendeu,
812 1189 867 1215 mit
885 1187 1013 1216 welcher
1032 1189 1075 1216 sie
1096 1187 1144 1215 die
1164 1158 1300 1224 gleicheq
1304 1186 1434 1215 Melodie
1454 1187 1523 1222 hat·

198 1227 329 1294 ssilesellblele
341 1227 452 1293 ἕθὴόιπ
471 1227 580 1255 bereits
594 1226 660 1254 dem
674 1221 928 1263 Ubergangsstile
950 1226 1013 1254 also
1035 1229 1111 1254 etwa
1131 1226 1183 1254 del
1202 1227 1328 1254 zweiten
1349 1225 1451 1254 ΗῖιΙῆε
1472 1225 1523 1253 des

288 1274 305 1292 a
327 1275 341 1293 r
391 1274 425 1293 ar

643 1348 704 1380 172.
734 1348 780 1379 De
798 1348 907 1380 saneto
927 1347 1072 1379 Martino.

714 1419 745 1452 1ἢ
771 1418 867 1450 Alma
891 1420 1012 1459 pangat

772 1465 1020 1507 symphonizans

774 1518 904 1547 caterva

197 1572 252 1605 2a.
277 1570 317 1603 In
342 1571 403 1602 hac
424 1571 498 1604 aula
522 1571 638 1604 sistens
886 1571 944 1604 21³.
970 1571 1065 1604 Felix
1090 1571 1144 1611 qui
1170 1570 1290 1604 coelica

277 1618 413 1651 Martini
970 1619 1087 1651 meruit

277 1666 447 1707 praeclara
473 1666 640 1707 trophaea,
967 1666 1095 1707 perfrui
1119 1675 1250 1710 pascua,

195 1725 251 1758 3a.
280 1722 496 1757 Contubernia
521 1724 606 1757 vitae
887 1724 946 1757 312.
971 1724 1138 1757 Coelicolis
1165 1726 1353 1765 conjunctus

277 1770 447 1811 perfruens
473 1772 634 1815 aetherea,
970 1773 1003 1804 in
1030 1773 1158 1805 axionia

195 1830 251 1863 4a.
276 1827 392 1861 Nitens
415 1831 511 1862 nivea
887 1829 947 1863 4b.
972 1829 1068 1863 Claro
1095 1830 1245 1871 dogmate

277 1877 381 1909 instar
408 1877 549 1911 liliorum
971 1877 1026 1918 qui
1052 1878 1172 1911 dudum
1197 1878 1309 1912 bibula

281 1927 425 1965 comptus
446 1925 530 1958 stola
552 1935 654 1958 sacra.
970 1926 1151 1959 madidavit
1177 1927 1285 1960 corda.

196 1984 253 2016 Sa.
278 1981 366 2014 Hinc,
389 1991 515 2022 quoque
540 1983 626 2016 celsa
649 1982 717 2023 poli
888 1983 948 2016 51).
971 1984 1080 2023 Atque
1108 1993 1206 2025 super
1230 1985 1339 2019 lueida

279 2030 391 2062 rutilat
971 2031 1081 2064 sidera

277 2078 399 2117 laurea,
973 2080 1170 2113 conlaudans

279 2125 416 2164 stipatus
441 2125 581 2166 digniter
971 2136 1079 2167 regem
1104 2128 1278 2161 Dominum
1302 2129 1336 2161 in

280 2173 405 2212 agmina
971 2175 1113 2217 aethera,

280 2221 409 2261 coelica,
435 2221 571 2261 perenni
971 2232 1044 2255 eum
1067 2226 1189 2257 sanetis
1213 2225 1348 2258 sortitus

279 2268 410 2301 fulcitus
435 2268 547 2310 gloria,
970 2271 1066 2305 beata
1090 2274 1214 2314 pariter

280 2317 481 2358 triumphans
510 2316 678 2350 sublimam
969 2321 1184 2361 paradisiaca,

278 2365 458 2398 antistitum
480 2368 592 2398 nactus
970 2367 1140 2408 perfruens
1164 2369 1293 2402 roseida

281 2413 465 2446 cathedram
476 2424 484 2453 ς
972 2417 1084 2451 vireta.
