1655 2637
666 79 932 116 —141-

160 178 218 211 83..
245 178 347 218 Stupe
370 178 468 211 valde
492 178 583 219 talia,

241 226 422 267 quicunque
449 226 652 268 Christicola,

158 293 218 326 9a.
247 293 356 334 Stirpe
381 293 511 335 egregia

242 343 331 374 ortus
359 341 399 374 tle
422 341 511 374 tribu
533 350 652 383 magna

241 389 361 422 Christi
384 389 476 422 miles
501 390 638 423 tendens

242 437 284 471 ad
311 437 432 470 coelica

238 485 372 526 reliquit
394 485 537 526 propria.

132 553 213 586 10a.
240 552 313 591 Dic,
338 553 439 593 impia
463 553 619 593 pravitas,

241 601 374 633 credere
399 600 476 641 quid
503 599 655 633 dubitas?

852 294 910 329 eb.

827 552 911 587 iob.

851 177 912 213 sb.
935 179 1000 212 Per
1025 178 1110 211 hunc
1134 177 1223 211 facta
1246 178 1400 210 adversus

933 229 983 259 tot
1007 227 1156 259 haereses
1182 226 1317 267 proelia.

936 293 1058 334 optans
1082 293 1144 327 Dei
1172 294 1255 326 dona

933 341 997 375 Dei
1020 343 1190 383 perrennis
1215 342 1329 384 gratia,

933 399 993 431 pro
1020 399 1081 430 quo
1106 390 1229 430 sprevit
1254 391 1371 430 terrea,

934 446 994 479 per
1018 438 1147 471 saecula

934 487 1081 527 percepit
1104 487 1266 518 coelestia.

937 553 1021 592 Quid
1045 552 1182 586 Domino
1205 561 1362 593 properas

934 599 1056 633 inferre
1082 598 1267 633 contraria?

131 667 174 702 11
184 678 213 701 a.
241 668 337 701 Unde
362 667 464 700 infers
828 668 870 701 11
881 667 911 701 b.
935 667 991 709 Te,
1016 667 1136 708 ubique

240 715 368 748 Christo
394 714 592 748 schismata?
932 724 975 748 ne
997 716 1197 756 praevaleas,

238 763 284 796 nil
309 766 366 796 tua
391 763 479 796 valet
501 764 570 805 J'am
594 764 747 797 versutia.
934 765 1066 797 damnat
1088 764 1261 805 Augustini
1286 762 1454 804 sapientia.

131 831 174 864 12
185 841 214 864 a.
241 831 395 863 Haeresis
420 831 599 872 incredula,
825 830 908 865 1212.
931 832 1089 864 Tenemus
1115 839 1203 862 arma
1226 831 1282 863 illa

241 888 298 911 cur
323 882 450 919 perstas
476 879 582 912 adhuc
933 879 1072 912 doctoris
1097 879 1205 920 magni

242 927 439 960 temeraria?
932 926 1020 959 diota
1042 927 1165 970 inclita⁷

132 994 210 1028 isa.
239 994 305 1034 Quo
331 993 482 1034 perculsa
505 1003 629 1034 pereas.
825 994 904 1027 1312.
930 994 1107 1026 Teneamus
1135 994 1294 1036 dogmata,

931 1042 1018 1081 Quae
1045 1041 1139 1074 doces
1166 1042 1359 1075 admiranda

932 1090 974 1121 <le
996 1088 1063 1122 fide
1089 1090 1265 1132 catholica3

930 1138 1000 1170 Tua
1024 1138 1109 1178 quod
1136 1138 1233 1170 donet
1254 1139 1367 1180 gratia.

239 1042 327 1083 Ergo
353 1040 447 1074 fortis
474 1041 606 1082 athleta,

238 1099 258 1122 a
281 1089 352 1122 Deo
376 1089 470 1122 nobis
490 1090 641 1130 impetra,

237 1137 285 1171 Ut
307 1136 374 1170 fide
399 1146 527 1177 semper
550 1138 678 1179 integra

128 1205 207 1239 1422.
234 1205 300 1237 Per
324 1204 429 1245 hujus,
459 1204 595 1248 Christe,
825 1205 906 1238 1412.
928 1205 977 1237 Tu
1000 1207 1030 1236 et
1056 1206 1201 1237 sanctum

235 1261 311 1285 cara
334 1252 428 1285 nobis
453 1251 528 1285 fave
930 1261 1046 1285 neuma
1070 1262 1130 1292 per
1155 1253 1261 1285 omnia

233 1301 359 1335 merita.
928 1310 987 1333 nos
1012 1300 1141 1343 adjuva,

127 1369 208 1402 15a.
236 1368 283 1401 Ut
306 1367 457 1400 instructi
479 1366 545 1401 fide
571 1371 683 1400 sancta

236 1414 391 1449 faciamus
417 1416 502 1449 bona

823 1368 904 1402 151).
927 1369 1128 1409 Propterque
1153 1369 1398 1402 resurrectionis

932 1420 1045 1449 sancta
1068 1417 1179 1458 vigilia

545 1484 600 1517 16,
628 1484 869 1525 Consequamur
894 1488 1035 1518 aeterna.

203 1558 229 1586 F
256 1558 306 1587 fol.
329 1555 385 1585 178
403 1566 428 1585 a.
458 1572 494 1577 —
522 1558 576 1593 sb,
598 1556 613 1586 l
635 1558 716 1586 hunc
735 1560 781 1586 tot
799 1559 885 1586 faeta.
907 1574 947 1578 —
973 1556 1023 1594 9a,
1044 1556 1062 1587 3
1083 1559 1167 1587 miles
1187 1559 1372 1596 Augustinus
1394 1565 1455 1588 ten-

126 1597 212 1631 dens,
246 1596 471 1632 eingesehoben.
505 1610 541 1616 -—
570 1597 648 1625 Eine
674 1596 810 1625 ziemlich
837 1596 1007 1625 ztklavische
1033 1597 1248 1636 Xachahmung
1280 1598 1331 1627 der
1360 1599 1453 1627 Prose

126 1636 257 1672 Fulgens
280 1635 446 1672 praec-lara:
465 1644 510 1664 wo
532 1636 596 1663 sich
617 1634 668 1663 der
681 1636 818 1664 Imitator
837 1644 1020 1673 gezwungen
1041 1636 1125 1669 nieht,
1147 1646 1215 1665 vom
1231 1637 1367 1674 Original
1390 1637 1455 1665 sich

130 1682 168 1701 zu
189 1674 350 1709 entfernen,
372 1673 464 1702 leidet
483 1673 653 1702 ersiehtlieh
674 1673 724 1702 (lie
742 1673 883 1703 Reinheit
903 1674 953 1702 (les
975 1675 1170 1704 Vei-smasses.

552 1776 614 1808 128.
652 1777 696 1808 De
719 1779 827 1809 sancto
847 1776 1026 1809 Benedicta.

639 1850 670 1884 1.
699 1849 798 1890 Quem
825 1858 964 1890 superne

843 1917 902 1952 2b.
926 1917 1025 1959 Cujus
1049 1927 1169 1951 nomen
1185 1919 1315 1953 beatum
1331 1919 1459 1954 felicem

930 1969 1018 1999 tenet
1046 1968 1260 2012 praesagium,

152 1917 208 1949 Za.
236 1915 454 1957 Tripudiatim
478 1916 668 1951 beatificant

238 1965 384 1998 cohortes
408 1966 441 1998 in
464 1967 587 2007 aethra,

236 2014 287 2046 cui
312 2012 400 2047 fovet
931 2015 985 2056 qui
1012 2015 1132 2049 Christi

238 2071 369 2095 consors
394 2062 547 2096 aetherea
929 2064 1074 2097 nancisci
1098 2066 1217 2098 meruit

236 2112 334 2151 curia,
929 2113 1077 2154 gratiam,

150 2181 206 2214 32.
233 2179 340 2220 Hujus
367 2180 451 2212 enim
847 2180 907 2216 3b.
928 2181 1039 2222 Ipsum
1067 2190 1141 2224 ergo

236 2232 330 2269 grata
356 2228 528 2261 celebritas
555 2237 640 2262 nune
932 2230 1122 2264 extollamus
1148 2241 1208 2272 per
1233 2233 1351 2274 saecla,

230 2277 336 2320 micat,
366 2287 430 2319 qua
455 2285 613 2319 corporea
931 2280 986 2319 qui
1011 2283 1127 2314 cuncta
1151 2282 1276 2323 sprevit
1302 2282 1389 2316 orbis

230 2326 390 2359 translata
933 2326 1078 2362 funditus

232 2379 307 2408 sunt
332 2380 441 2409 sancta
469 2375 623 2411 membra.
929 2377 1099 2412 lenocinia.
