1655 2637
683 79 925 116 „79—

137 176 196 208 53,-
223 175 463 209 Detinebantur
486 176 522 209 in
838 179 897 213 51).
920 178 1034 213 Donec
1056 182 1169 213 auctor
1192 179 1304 212 mundi

220 226 365 257 tarataro
919 228 1053 268 impiam

222 272 388 313 gehennae
414 273 574 315 dissimili,
923 285 1052 308 carnem
1076 279 1220 308 nostram
1243 275 1380 308 induens

135 340 193 372 6a.
222 340 334 381 Ipsum
838 342 897 375 6b.
920 343 1036 376 Portas

222 390 387 421 auctorem
411 389 525 422 mortis
549 391 682 423 vincens
921 390 1067 432 paradisi
1089 390 1207 423 iisdem

219 437 324 476 justos
349 445 459 470 omnes
485 438 578 473 eruit.
923 437 1062 471 crucifer
1087 439 1224 479 aperuit.

142 503 197 535 Va.
227 503 286 536 Cui
314 504 546 547 tripudiantur‚
840 504 898 540 ¹712.
920 504 966 538 Et
989 506 1024 538 in
1048 505 1145 537 terris
1171 507 1204 536 et
1226 504 1349 546 πᾶντα,

225 559 307 591 quae
330 552 366 584 in
392 553 489 585 coelis
922 562 1004 594 quae
1025 556 1202 586 moventur.

139 619 199 652 Sa.
228 618 289 658 Qui
315 618 486 652 crucifixus
511 622 591 661 erat,
840 619 897 653 8b.
920 621 1129 653 Resuscitans
1157 620 1331 652 multorum

226 675 300 699 ecce
324 676 385 707 per
411 667 518 700 omnia
544 670 667 710 regnat,
924 676 1060 708 corpora
1085 670 1268 700 sanctorum
1293 668 1387 701 simul

575 741 606 773 9,
633 739 814 773 Psassentes
840 740 995 773 Hosanna

628 788 662 820 in
689 788 826 820 excelcis
848 787 1046 829 jucunditer,

630 836 776 875 Alleluja

631 882 847 916 vociferantes
871 883 906 915 in
931 883 1007 917 alta.

217 950 245 978 E
268 949 318 978 fol.
340 947 434 978 248b.
454 965 493 971 —
513 948 563 985 Za,
587 949 602 978 1
624 952 776 978 consonat.
797 964 837 969 —-
855 948 907 984 2b,
930 948 948 979 3
965 949 1120 986 paschale;
1142 951 1199 985 pie.
1220 965 1259 970 —
1279 947 1330 985 322,
1354 949 1368 977 1
1391 958 1476 978 reuo-

135 990 234 1016 vatur.
262 1004 301 1009 —
327 986 383 1022 3a,
412 988 431 1016 4
456 989 513 1016 hac
541 991 587 1016 est
613 988 669 1016 die.
697 1002 736 1007 —
760 986 820 1023 3b‚
848 987 868 1015 4
894 988 983 1016 hodic
1003 989 1131 1016 surrexit
1150 997 1169 1016 a
1188 990 1292 1016 mortis
1313 990 1417 1017 victor.
1437 1005 1477 1009 —

139 1026 189 1061 4a,
212 1024 230 1053 2
251 1027 359 1055 saecla,
380 1041 419 1045 —
438 1025 493 1062 4b,
516 1025 530 1054 1
554 1027 612 1061 Qui
631 1035 698 1054 cum
718 1027 793 1063 ipso.
816 1041 852 1045 ——
874 1024 923 1061 5a,
945 1025 963 1053 2
983 1028 1104 1054 tartara.
1127 1043 1165 1047 ——
1181 1025 1237 1063 bb,
1259 1025 1277 1054 2
1300 1035 1341 1063 sq.
1357 1035 1476 1055 carnem

141 1067 246 1093 nostra
265 1066 375 1101 impius
395 1062 467 1101 (sic).
489 1079 525 1085 —
541 1064 591 1100 6a,
614 1062 632 1091 2
653 1073 709 1093 sua
731 1067 825 1093 morte
844 1066 977 1093 vincens.

580 1156 629 1189 68.
659 1157 696 1189 In
714 1156 961 1190 Resurrectione
981 1157 1037 1189 DN.

138 1242 199 1277 la.
226 1243 375 1275 Laudum
401 1243 488 1275 laeta
839 1242 896 1276 lb.
921 1243 1054 1285 Simpla‚
1084 1243 1191 1284 digna,

223 1291 346 1331 psallat
368 1294 519 1332 poemata
924 1300 1064 1333 congrua
1093 1292 1226 1330 cantica,

222 1339 392 1380 paschalia
922 1340 1070 1380 angelica

222 1388 380 1428 mysteria
922 1388 1065 1421 melodia

224 1443 382 1468 venerans
407 1435 502 1475 plebs
925 1437 1088 1476 decorata,

222 1483 366 1525 antiqua,
923 1493 1005 1525 quae
1029 1486 1125 1517 sonat,

220 1532 290 1572 jam
313 1540 399 1566 nova
423 1530 521 1572 facta,
923 1532 1021 1565 laude
1045 1533 1195 1573 benigna.

134 1601 195 1633 2a.
222 1599 286 1632 Est
310 1600 386 1640 quia
411 1608 450 1631 ex
475 1601 626 1640 Aegypto
839 1598 898 1632 2b.
920 1599 1089 1632 Illustrata
1114 1600 1261 1632 columna

225 1650 338 1687 erepta
923 1649 1028 1690 ignea,

222 1705 261 1728 ac
287 1696 360 1728 dira
384 1696 542 1729 servitute
923 1694 1057 1729 defensa
1080 1696 1190 1729 hostes
1216 1699 1328 1729 contra

221 1744 363 1777 liberata
923 1743 1010 1777 nube
1034 1746 1150 1786 taetra,

224 1791 304 1825 forti
330 1792 455 1833 dextra,
924 1791 1023 1826 fontis
1045 1792 1133 1825 unda

220 1850 320 1873 manu
343 1840 474 1882 valida3
923 1843 1125 1882 regenerata.

134 1911 195 1944 3a.
222 1909 337 1951 Regna
840 1908 899 1942 3b.
922 1909 1046 1942 Cuncta

224 1957 312 1999 cepit
335 1957 542 2000 repromissa,
921 1956 1056 1990 fluentia
1079 1957 1174 1992 bona.

137 2027 194 2061 4a.
223 2025 374 2059 Surrexit
397 2025 470 2066 ipsa
837 2025 898 2060 41).
922 2027 1054 2067 Quaque
1078 2026 1250 2066 redempta

221 2075 341 2116 quippe
368 2074 447 2115 vita,
921 2074 1003 2108 vivit
1031 2074 1138 2116 turba,

221 2132 285 2164 qua
308 2125 384 2155 sunt
409 2121 516 2155 fracta
539 2123 665 2155 tartara
922 2132 1004 2165 quae
1030 2125 1100 2156 erat
1126 2123 1299 2165 captivata.

132 2194 192 2226 5a.
222 2191 337 2225 Gratia
360 2193 528 2232 percepta,
838 2190 898 2226 5b.
920 2192 1013 2225 Haec
1039 2192 1117 2232 dies,
1145 2201 1241 2233 quam
1265 2192 1337 2233 ipsa

217 2248 360 2281 superna
384 2240 493 2281 patria
517 2239 659 2280 reddita,
924 2240 1085 2273 dominica
1110 2239 1190 2273 fecit
1217 2241 1331 2282 gloria,

222 2290 266 2322 acl
290 2289 410 2330 gaudia
922 2288 1125 2330 psalmodiae,

221 2346 432 2379 properemus
458 2340 591 2370 aeterna
921 2341 958 2370 ut
982 2336 1070 2371 fatur
1095 2338 1278 2380 prophetia,

219 2387 407 2428 praesentia
432 2386 567 2420 colendo
593 2386 687 2420 festa.
926 2387 1122 2420 exsultemus
1148 2395 1258 2420 omnes
1282 2388 1317 2420 in
1343 2396 1381 2420 ea
