1655 2637
228 261 283 293 321.

225 518 284 549 4a.

226 708 289 740 5a.

224 918 279 950 6a.

225 1080 279 1111 711.

222 1361 438 1397 interpolation
463 1363 511 1389 ist.
531 1377 570 1381 —
590 1361 640 1395 5a,
660 1360 679 1388 2
708 1363 891 1398 omnigenus.
914 1380 951 1383 —
971 1364 1026 1397 bb,
1053 1363 1069 1392 1
1091 1365 1246 1402 Nobisque
1266 1365 1375 1401 dignet.
1400 1382 1408 1386 -

757 160 1022 195 —260—

311 258 487 290 Terrarmn
513 261 607 291 antra

311 306 367 337 eui
391 314 454 337 non
480 306 583 338 latent
608 304 811 344 abscondita,

311 353 368 385 sed
393 353 551 393 patebunt
574 353 688 385 intima

309 409 368 440 per
393 401 515 433 cunctis
541 401 605 433 ima

311 452 341 479 et
369 449 502 481 occulta.

312 514 485 547 Stellarum
509 514 671 554 micantia,
705 530 721 546 a<

306 591 438 623 Montes
464 594 496 622 et
521 591 618 623 colles
710 625 720 641 k
743 606 759 621 ηε

307 647 367 671 nec
391 648 454 671 non
480 642 513 670 et
533 646 681 680 aequora,

315 706 383 745 lpsi
408 704 579 738 flectuntur

307 754 475 795 omnigena

309 804 340 832 et
367 802 528 834 collaudat

307 850 407 880 omnis
432 849 542 890 lingua
567 853 600 881 et
624 850 748 884 adorat,

310 915 416 956 Large
441 919 474 947 et
500 916 641 948 dimittat

306 964 465 995 cumulata
489 967 601 996 nostra

307 1011 446 1050 plurima
466 1010 622 1044 facinora.

308 1078 367 1116 Qui
393 1081 441 1109 est
458 1078 559 1117 judex
581 1080 696 1121 justus,

304 1129 392 1157 recte
413 1126 574 1167 judicans,

920 255 980 290 3b.

841 513 977 565 wssiu

792 586 807 602 *
855 609 856 612 1

919 705 978 739 5b.

914 916 975 950 61).

914 1079 972 1112 Tb.

1003 255 1063 295 Qui
1090 257 1182 295 regat
1206 261 1325 294 nempe

1003 302 1134 335 aethera
1161 309 1375 342 supernorum
1398 309 1536 341 namque

1005 350 1122 382 civium
1148 350 1345 390 angelorum,

1006 399 1092 430 celsa
1117 403 1149 430 et
1173 398 1257 430 ima:

1003 446 1112 486 Titan,
1138 446 1224 489 luna,

999 513 1091 545 Arva
1116 522 1155 546 ac
1178 522 1280 556 mare,

1000 562 1108 601 pisces
1135 564 1276 605 cunctos,
1305 559 1422 601 fontes,

1002 638 1102 670 Rivos
1128 638 1198 670 sive
1222 637 1364 670 flumina.

1002 705 1105 737 Nobis
1133 706 1283 746 dignetur

1001 753 1080 785 dare
1105 757 1239 793 tantum,

999 802 1084 841 quod
1110 810 1292 845 precamur,

998 849 1081 881 mira
1106 859 1165 881 sua
1186 850 1344 890 juvantia.

1001 915 1194 949 Catenarum
1218 925 1320 949 nexus

996 965 1156 996 nodorum
1182 965 1340 998 dissolvat

995 1012 1068 1052 pius
1093 1013 1198 1045 victor
1222 1012 1362 1046 vincula.

995 1079 1065 1118 Ipsi
1089 1088 1218 1120 semper
1241 1081 1312 1112 laus
1338 1079 1382 1112 sit

996 1129 1027 1158 et
1050 1128 1198 1167 potentia

651 1202 682 1233 8.
711 1201 833 1234 Cuncta
860 1212 919 1243 per
945 1204 1084 1238 saecula.

297 1285 324 1312 E
337 1285 355 1312 f.
367 1285 386 1312 l.
406 1283 464 1312 302
477 1286 505 1313 b.
527 1285 602 1313 ohne
615 1285 757 1313 Neumen.
772 1300 809 1304 —
825 1287 909 1314 Nach
923 1287 942 1315 4
952 1295 979 1320 a,
1002 1286 1017 1315 1
1032 1288 1108 1325 fnlgt
1119 1289 1197 1316 Aera
1210 1290 1341 1322 nubium,
1363 1289 1547 1324 nebularum„

222 1323 382 1350 imbrarum
407 1324 605 1359 roseillantia,
632 1323 727 1351 wofsu·
752 1324 823 1352 kein
844 1325 1058 1362 ParallelgLied
1078 1328 1214 1355 existiert
1232 1327 1293 1355 und
1313 1335 1375 1355 was
1394 1328 1550 1355 vielleicht

1461 1365 1512 1401 51),
1530 1365 1550 1394 4

223 1403 283 1427 tua.
303 1415 341 1419 —
362 1398 378 1427 6
390 1407 415 1433 a,
439 1399 453 1427 1
476 1400 592 1437 Large‘t.
614 1414 651 1418 —-
671 1400 763 1427 Titel:
784 1401 861 1429 Deus
870 1403 962 1435 judam
972 1404 1078 1435 justus.

223 1688 280 1719 2a.

222 1849 280 1881 3a.
307 1847 359 1879 Ita
382 1857 457 1879 nam
482 1849 552 1880 laus
576 1851 626 1880 est
650 1849 711 1881 tibi
735 1854 838 1892 grata,

221 2012 268 2043 411

222 2126 278 2157 5a.

221 2288 275 2320 6a.

660 1520 729 1552 242.
769 1521 867 1553 Prosa
887 1522 1103 1555 Dominicalis.

738 1613 769 1645 1.
796 1612 918 1645 Nostra
944 1613 1022 1646 tuba

302 1684 396 1717 Nunc
419 1689 476 1718 tua
500 1686 679 1727 clementia,

307 1733 444 1770 Christe,
471 1737 600 1774 regatur

303 1784 497 1821 ⁸Jamjamque
520 1783 577 1822 pia

305 1904 367 1928 vox
387 1896 415 1927 si
440 1897 525 1936 quod
549 1899 662 1929 nostra
686 1901 789 1942 sonat,

304 1943 498 1976 conscientia
524 1948 626 1977 canat.

271 2037 278 2043 .
299 2009 382 2041 Nam
409 2011 588 2052 quicunque

306 2056 401 2098 digne
423 2062 564 2091 meretur
588 2069 634 2098 ea,

305 2123 427 2163 Quibus
452 2125 521 2157 sine
545 2127 683 2159 humana

308 2172 448 2212 cogitata

303 2228 367 2251 non
391 2220 493 2254 utilia.

302 2286 481 2326 Angustam
505 2289 591 2321 viam

306 2334 503 2376 gradiamur,

302 2391 385 2423 quae
408 2384 547 2423 patriam

302 2439 360 2463 nos
388 2431 483 2464 ducat
508 2433 550 2465 ad
575 2434 699 2467 almam.

912 1691 971 1724 ab.

912 1854 971 1887 3b.

910 2017 971 2049 412.

911 2131 972 2164 5b.

911 2294 969 2327 6b.

992 1691 1123 1724 Exaudi
1147 1694 1336 1732 precamina

995 1741 1029 1770 te
1052 1740 1220 1773 laudantia

995 1791 1102 1819 mente
1129 1788 1255 1823 devota.

994 1854 1085 1893 Quod
1111 1858 1148 1887 ut
1171 1856 1319 1888 omnibus
1343 1857 1517 1897 proveniat

992 1901 1157 1935 indefesse
1183 1904 1294 1937 divina

992 1954 1168 1989 precentur
1193 1953 1324 1985 auxilia.

995 2017 1119 2050 Cuncta
1145 2019 1174 2050 ei

995 2073 1123 2105 semper
1146 2071 1222 2099 sunt
1247 2067 1399 2100 salubria.

992 2130 1226 2172 Relinquentes
1251 2135 1351 2175 igitur

993 2179 1111 2212 itinera

995 2227 1128 2260 nimium
1153 2230 1231 2271 lata,

994 2294 1086 2327 Haec
1112 2297 1195 2329 enim
1221 2306 1315 2330 sacra

994 2343 1133 2384 vestigia

995 2391 1197 2432 redemptori

995 2439 1050 2478 pio
1075 2441 1267 2481 perplacita.
