1655 2637
717 124 981 162 —132—

192 224 247 257 7a.
274 224 429 257 Precibus
455 225 537 256 enim
563 233 670 258 eorum
881 223 938 258 Tb.
960 222 1005 256 Ut
1031 231 1165 263 quorum
1190 220 1364 262 gaudemus
1392 219 1485 259 festo,

273 281 332 305 nos
357 271 494 312 petimus
519 272 675 313 adjuvari,
962 271 1167 303 instituamur
1192 270 1349 310 exemplo,

274 328 406 361 quoi-um
430 318 513 353 festa
537 322 695 354 noscimus
960 319 1084 351 meritis
1110 327 1235 359 quoque
1260 313 1404 362 [horum]

274 369 429 401 venerari.
961 368 1159 408 adjuvemur.

191 438 249 470 Sa.
275 435 319 468 Et
340 436 474 476 gloriam
499 440 586 469 tuam
877 434 935 468 8b.
959 436 1067 475 Atque
1094 442 1166 465 cum
1190 432 1336 465 omnibus

273 483 409 516 humiles
436 492 613 524 exoramus,
961 482 995 513 in
1022 482 1173 514 coelestia
1197 483 1310 513 saneta

271 536 307 563 ut
331 540 462 571 quorum
487 531 571 564 festa
594 531 802 571 celem-amm,
960 534 992 561 te
1016 530 1192 562 auxiliante
1216 529 1355 561 adscisci

274 588 384 612 eorum
408 581 578 612 sanctitate
958 586 1149 618 mereamur,
1174 580 1211 608 ut
1231 577 1345 609 laudes

271 627 391 659 imitari
959 626 1114 658 trinitatis

272 676 419 715 exempla
441 676 613 708 valeamus.
964 673 1162 715 gratulanter
1188 673 1350 704 dicamus:

189 744 245 777 9a.
274 741 383 775 Gloria
407 743 499 783 patri·
876 740 934 774 9b.
957 741 1018 780 Qui
1040 739 1128 773 Deus
1152 749 1234 771 unus

270 791 314 822 sit
336 789 416 826 Deo,
958 792 991 819 et
1014 797 1130 828 regnas

268 837 405 870 Domino
431 837 509 870 Jesu
957 844 1017 876 per
1039 834 1165 867 infinita

270 886 398 919 Christo
424 894 496 917 cum
518 884 689 926 paraclito.
958 883 1160 915 saeculorum
1184 882 1323 914 saecula.

261 960 285 987 Β
307 959 359 987 fol.
382 957 475 988 226b.
496 973 535 979 ——
554 959 581 987 E
602 958 652 987 fol.
675 956 765 986 2671).
787 974 825 978 —
845 958 869 986 F
888 958 938 986 fol.
962 955 1053 986 1531).
1073 972 1112 976 —-
1133 956 1158 991 1,
1182 958 1195 985 1
1212 956 1344 985 Sabaoth
1357 955 1431 983 fehlt
1444 955 1509 984 ΒΕ.

187 1012 223 1017 —·
243 995 297 1031 32,
319 996 334 1026 1
353 997 523 1026 Laudamus
542 1000 572 1025 te
593 996 678 1025 BEF.
700 1012 739 1016 —
767 994 821 1031 ΞΒ,
847 995 867 1023 2
896 1000 927 1024 et
950 996 1099 1032 gloriosus
1124 995 1211 1023 BER
1237 1009 1274 1014 —
1303 993 1357 1028 4a,
1378 992 1397 1021 2
1419 997 1511 1030 atque

186 1035 270 1064 BEF.
290 1051 330 1056 —
348 1035 402 1071 41³,
426 1033 444 1064 3
464 1039 551 1072 atque
570 1035 656 1063 ΒΕΓ.
682 1051 720 1055 -
749 1034 799 1066 551,
826 1033 844 1063 3
865 1036 917 1070 qui
938 1037 967 1063 et
985 1034 1043 1062 BF.
1081 1050 1102 1053 —
1122 1033 1171 1065 5a,
1199 1032 1220 1061 4
1239 1041 1298 1070 pax
1318 1033 1400 1061 salus
1420 1033 1508 1061 BEF.

184 1088 223 1094 —·
242 1073 294 1105 5b,
316 1073 333 1103 5
353 1074 562 1110 hominumque
581 1074 643 1102 ΒΕ.
658 1088 698 1092 —
719 1072 768 1106 6a,
789 1074 809 1101 4
826 1075 871 1101 est
889 1073 963 1101 fehlt
982 1073 1042 1100 BE.
1058 1087 1096 1091 —
1110 1071 1159 1107 6³„
1178 1071 1195 1100 5
1212 1076 1331 1099 tuorum
1344 1075 1509 1105 martyrum

185 1112 270 1141 BEF.
292 1127 328 1133 —-
348 1112 402 1148 7b,
423 1111 438 1141 1
461 1113 536 1140 festa
550 1112 612 1140 BE.
641 1126 676 1131 ---
704 1111 757 1143 Tb,
782 1109 801 1138 2
821 1113 1003 1139 instruamur
1021 1110 1088 1139 EF:
1110 1111 1244 1146 exempla
1265 1110 1325 1139 BE.
1354 1124 1390 1129 ——
1415 1108 1469 1145 812,
1491 1109 1507 1137 1

186 1153 227 1180 Ut
253 1159 319 1179 eum
345 1151 383 1184 Ἐς
409 1153 438 1179 et
467 1159 533 1178 cum
556 1151 618 1178 BE.
647 1163 684 1168 —-
712 1148 763 1183 81),
789 1147 807 1177 3
833 1153 863 1177 te
889 1149 1035 1177 auxiliare
1061 1149 1171 1177 adsciri
1194 1149 1228 1176 F.
1253 1163 1292 1169 ——
1317 1146 1375 1183 9a,
1404 1146 1422 1175 2
1445 1148 1508 1176 Des

183 1190 278 1224 gloria
300 1188 384 1218 BEF.

535 1281 589 1313 118.
629 1282 664 1313 111
685 1281 766 1313 festo
790 1279 930 1313 Omnium
952 1279 1147 1311 Sanctorum.

210 1363 265 1395 la.
293 1362 419 1395 Christo
443 1362 555 1394 inclita
580 1362 718 1395 eandida
895 1361 953 1394 ib.
974 1360 1103 1393 Laudes
1130 1360 1275 1393 omnibus
1301 1361 1412 1394 dantia

290 1413 400 1441 nostra
422 1415 539 1442 canant
978 1408 1099 1440 sanetis
1122 1418 1182 1449 per
1207 1409 1288 1441 haee

291 1457 429 1490 melodia
454 1459 590 1498 agmina*
978 1459 1108 1489 sacrata
1130 1456 1269 1490 festalia.

210 1526 266 1557 22.
290 1524 429 1556 Mariam
895 1523 960 1557 2b.
979 1523 1116 1564 Regina,

290 1571 428 1612 primum
454 1582 515 1605 vox
538 1576 631 1605 sonet
654 1577 773 1611 nostra,
980 1579 1061 1610 quae
1086 1575 1135 1603 est
1157 1575 1262 1604 mater
1288 1574 1321 1604 et
1347 1575 1446 1612 casta,

290 1619 383 1652 nobis
407 1628 466 1660 per
490 1629 586 1661 quam
981 1622 1087 1660 tergat
1112 1623 1225 1652 nostra

292 1671 365 1700 sunt
391 1669 477 1700 vitae
503 1669 579 1701 data
599 1669 753 1709 praemia.
978 1675 1038 1706 per
1061 1665 1164 1700 filium
1189 1667 1343 1701 facinora.

209 1736 264 1768 Sa.
289 1735 485 1774 Angelorum
511 1735 620 1768 concio
645 1745 738 1768 sacra
896 1734 953 1768 31).
975 1734 1099 1767 Nostra
1125 1736 1251 1767 diluant
1277 1735 1346 1775 jam
1370 1739 1507 1776 peecata

293 1787 323 1814 et
349 1783 614 1823 archangelorum
979 1784 1174 1823 praestando
1200 1792 1350 1824 superam

288 1834 394 1863 turma
417 1832 530 1864 inolita
981 1832 1065 1863 coeli
1089 1831 1236 1872 gloriam.

207 1900 263 1931 4a.
292 1897 343 1929 Tu
365 1898 533 1939 propheta,
895 1898 959 1933 lb.
981 1898 1020 1930 Iu
1044 1898 1154 1931 lucida

287 1954 415 1985 praeco,
440 1946 573 1978 lucerna
978 1956 1038 1978 nos
1061 1955 1147 1987 pone
1173 1946 1229 1978 vla

290 1997 384 2034 atque
407 1994 481 2033 plus
508 2003 601 2034 quam
626 1994 795 2034 propheta„
979 1994 1137 2027 mundans
1162 1999 1277 2027 nostru
1300 2004 1447 2036 corpora.

210 2061 265 2092 5a.
292 2060 521 2100 Apostolorum
897 2061 955 2094 51).
980 2061 1053 2093 Jam
1080 2060 1255 2094 corrobora

290 2106 442 2148 princeps
469 2111 499 2138 et
526 2111 641 2140 cuncta
980 2118 1060 2141 vera
1082 2109 1116 2141 in
1142 2110 1290 2142 doctrina

286 2155 399 2195 juncta
424 2158 562 2194 caterva,
979 2158 1086 2197 plebis
1110 2160 1255 2198 pectora.

207 2224 262 2256 6a.
292 2221 465 2261 Stephane,
897 2223 955 2258 6b.
977 2224 1092 2257 Fortia

288 2269 426 2310 gloriose
449 2269 585 2302 rutilans
983 2272 1058 2304 date
1084 2274 1183 2306 eorda
1208 2281 1345 2313 corpo-ra

289 2318 322 2350 in
350 2326 476 2357 corona,
979 2323 1075 2361 atque
1097 2320 1200 2360 firma,

289 2369 533 2407 sanctorumque
556 2371 733 2407 martyrum
980 2377 1073 2401 sacra
1099 2371 1132 2400 ut
1154 2369 1281 2401 hostem
1303 2369 1436 2403 vincant

287 2418 392 2447 turma
415 2415 535 2456 valida,
979 2416 1043 2448 rite
1068 2417 1203 2456 spicula.
