1655 2637
126 482 182 514 2a.

126 587 183 620 ea.

124 792 183 824 4a.

124 995 179 1027 5a.

121 1198 178 1231 6a.

121 1401 176 1435 7a.

115 1751 170 1784 8a.

114 2005 170 2038 9a.

663 95 924 130 —233-

532 205 593 237 212.
634 205 677 238 De
698 206 854 239 Communi
874 208 1057 249 Martyrum.

599 286 631 319 1.
651 287 801 320 Phoebus
818 298 905 322 nunc
919 291 1046 330 pollens

651 335 749 368 hodie
779 336 848 369 dies

650 392 713 423 qua
738 385 916 418 recolentes

650 431 863 465 Christicolae

208 481 407 523 Angelorum
434 495 559 527 quoque
586 491 716 521 caterva
824 490 883 525 ab.
907 490 1148 524 Solemnitatem
1173 492 1362 526 hodiernam

207 533 303 571 atque
327 536 510 566 sanctorum
538 537 678 569 omnium
906 548 987 579 quae
1011 540 1045 572 in
1074 549 1188 573 aevum
1214 541 1393 576 rutilantes.

211 587 235 621 O
262 597 359 629 quam
377 590 476 623 beata
499 602 545 635 es,
574 594 666 635 virgo
823 595 884 630 eb.
906 596 968 636 Qui
991 600 1025 629 te
1049 595 1138 638 feeit,
1165 598 1303 639 genuisti

207 636 324 675 Maria,
352 647 434 678 quae
458 643 598 680 portasti
907 648 938 676 et
963 645 997 676 in
1023 645 1116 678 domo
1135 645 1264 678 Domini

208 684 304 725 hujus
329 687 443 719 mundi
905 696 1002 732 porta
1027 694 1136 726 clausa

206 732 312 766 Deum
337 739 527 769 creatorem.
901 749 1095 782 permaneus
1120 742 1214 775 alma.

211 791 299 831 Quae
323 794 546 834 protoplastus
820 798 879 830 41).
903 798 979 838 Ipse
1005 798 1122 830 etenim

205 848 265 879 per
290 840 413 881 lignum
439 842 584 883 perdidit
904 847 1059 887 sanguine
1084 847 1217 887 proprio

205 888 351 929 vetitum,
376 889 504 922 Mariae
898 903 957 926 nos
982 895 1131 937 redemit,
1159 903 1235 927 caro

208 937 317 976 proles
343 938 496 971 restituit.
904 946 1001 982 atque
1025 941 1190 975 mellifluo.

205 993 335 1026 Latices
360 998 510 1029 veternas
819 998 878 1034 512.
906 997 1109 1032 Perfundunt
1135 1002 1167 1031 et
1191 1003 1312 1032 terram

208 1042 369 1083 diluitque
394 1045 518 1085 culpas,
905 1047 1078 1079 dulcedine
1101 1049 1200 1088 astra,

205 1093 242 1122 ut
266 1099 358 1125 ovem
386 1093 557 1125 erraticam
898 1095 1120 1136 jucundantur
1144 1096 1270 1127 animae

206 1139 349 1172 elevaret
373 1141 416 1173 ad
442 1141 602 1174 aetherea.
900 1146 1083 1175 sanctorum
1110 1144 1199 1176 coelo
1224 1144 1427 1179 sublimatae.

204 1197 231 1230 O
258 1207 351 1239 quam
375 1198 488 1232 lucida
818 1200 877 1234 eb.
898 1200 1040 1242 Fulgent
1061 1203 1099 1232 ut
1122 1201 1231 1234 Titan]

204 1246 411 1286 splendentia
435 1251 574 1288 pergunt
900 1248 1156 1289 septempliciter

202 1294 245 1326 ad
269 1295 422 1328 aetherea
899 1297 1078 1329 trinitatem

200 1343 273 1375 loca
297 1344 424 1376 animae
445 1345 615 1385 justorum,
898 1349 1091 1379 venerantes
1116 1354 1176 1386 per
1201 1346 1341 1380 saecula.

201 1400 329 1434 Bellum
354 1400 476 1435 factum
817 1405 835 1436 7
843 1403 875 1435 b.
902 1401 1054 1435 Gaudent
1080 1404 1158 1443 poli,

201 1452 250 1481 est
273 1450 307 1482 in
334 1451 441 1491 coelis,
899 1453 996 1495 astra,
1023 1451 1131 1492 tellus,

201 1498 345 1531 Michael
899 1507 1041 1540 aequora

201 1547 413 1587 archangelus
440 1548 564 1581 exstitit
899 1557 937 1580 ac
962 1549 1052 1581 milia
1077 1548 1201 1581 milium

200 1594 315 1636 vietor,
342 1596 503 1636 praebens
898 1596 1085 1637 angelorum

200 1644 355 1677 auxilium
381 1648 514 1677 caterva
899 1644 1060 1678 dicentes:
1088 1645 1186 1686 salus,
1211 1645 1315 1678 honor

197 1693 351 1732 pretiosa.
897 1693 1083 1726 altithrono.

198 1751 472 1794 Patriarcharum‚
500 1753 743 1793 prophetarum,
813 1750 873 1785 8b.
898 1751 922 1785 O
949 1760 1045 1791 quam
1070 1752 1208 1792 pulchra
1233 1749 1432 1794 fraternitaS‚

196 1799 480 1841 apostolorumque
505 1809 627 1842 organa
1221 1808 1302 1840 quae

200 1851 431 1888 concrepantes
459 1848 596 1890 denique
894 1858 1058 1889 nunquam
1082 1849 1189 1889 potuit
1206 1848 1332 1889 violari,

197 1896 311 1930 laudes
337 1900 500 1930 resonant.
896 1898 930 1929 in
955 1895 1108 1940 florigera
1135 1900 1242 1930 castra

894 1945 971 1978 ideo
994 1949 1141 1988 regnant.

199 2004 224 2038 O
251 2013 346 2045 quam
373 2004 510 2045 pretiosi
533 2012 643 2037 omnes
812 2003 870 2037 9b.
894 2004 1143 2044 Inspiranteque
1167 2004 1327 2044 paraclito

196 2053 285 2097 estis,
312 2054 417 2086 saneti
438 2053 511 2094 Dei,
539 2053 646 2086 ornati
894 2051 1013 2093 spiritu
1039 2061 1174 2085 exorare
1199 2061 1256 2085 vos
1281 2062 1341 2094 pro

195 2102 285 2143 liliis,
312 2102 473 2135 stillantes
893 2100 988 2133 nobis
1013 2111 1078 2135 non
1107 2100 1239 2134 cessetis

195 2150 334 2184 balsami
359 2151 504 2192 guttulis
894 2149 1014 2182 trinam
1040 2150 1252 2191 majestatem,

579 2209 635 2243 10.
660 2208 707 2242 Ut
731 2207 897 2242 vobiscum
923 2217 1104 2241 mereamur

663 2257 805 2298 gaudere
831 2255 976 2290 fruentes

662 2305 843 2339 claritatem
867 2306 901 2339 in
927 2309 1102 2338 aeternum.

185 2376 210 2403 B
240 2376 291 2404 fol.
319 2372 377 2403 224
388 2383 414 2403 a.
439 2388 473 2394 —·
495 2374 519 2402 F
551 2373 602 2402 fol.
628 2370 681 2401 179
693 2373 721 2401 b.
739 2388 776 2394 —-
793 2370 852 2408 2a,
883 2371 898 2401 1
931 2381 1050 2410 quoque
1076 2374 1209 2401 carmina
1238 2373 1269 2401 F.
1290 2386 1328 2391 —
1349 2372 1405 2403 4a,
1429 2370 1443 2399 1

110 2415 205 2450 Quem
223 2415 257 2443 F.
277 2431 316 2435 —
336 2413 392 2449 4a,
414 2414 433 2442 4
452 2413 546 2451 prolis
567 2413 601 2441 F.
622 2428 660 2432 —-
681 2411 738 2448 410,
761 2409 777 2441 1
798 2412 869 2449 lpse
890 2413 968 2441 enim
990 2413 1049 2440 BF.
1072 2427 1111 2431 —
1130 2410 1187 2443 412„
1209 2410 1228 2440 4
1248 2420 1284 2439 ae
1303 2411 1445 2440 mellifluo
