1655 2637
727 128 988 164 —170-—

196 226 277 261 lOa.
305 226 547 266 Triumphando
573 227 644 267 lyra
889 226 972 260 10b.
995 225 1066 258 Poli
1091 228 1204 257 tenens
1229 226 1370 264 sceptra,

301 275 486 307 alternatim
512 275 599 307 clara
996 273 1102 312 gloria
1124 275 1219 312 aptus
1244 278 1387 311 aeterna,

302 323 449 355 donando
475 326 645 363 pneumata
993 321 1138 361 praemia
1161 320 1266 360 beata,

301 370 374 403 Jam
399 371 577 410 triumphat
991 369 1163 409 Alalagma

301 418 463 459 phalanga
487 418 608 451 coelica
991 417 1200 457 praedulcem
1225 418 1389 454 consonat,

302 467 422 498 socium
993 465 1144 498 decantat

303 514 517 554 complectens
541 513 575 546 in
600 514 722 546 aethra.
990 521 1070 545 voce
1096 510 1250 545 clarifiua.

196 570 236 603 11
248 582 277 605 a.
304 573 454 612 Jamiam,
482 572 618 615 Christe,
646 572 706 604 tibi
884 570 966 604 111).
988 570 1110 602 Nostra
1134 570 1321 610 peccamina

301 620 405 660 gloria
991 618 1125 650 abluant

299 668 370 700 laus
396 671 429 699 et
451 669 486 700 in
513 668 629 700 saecla.
990 665 1084 705 hujus
1110 669 1254 706 precata,

654 725 710 757 12.
738 724 784 757 Ut
806 732 989 755 mereamur
1011 725 1068 755 tua

740 770 845 811 gratia

737 821 897 859 perpetua
922 827 1030 858 reg-na.

269 884 310 912 Ca
326 884 376 912 fol.
397 881 435 912 34
454 893 480 912 a.
501 898 540 903 —
557 881 602 912 3b
629 884 707 911 ¹z‘teht
732 884 765 910 in
792 884 843 911 der
862 883 918 910 Hs.
939 882 1038 910 hinter
1058 879 1117 917 4a3
1142 881 1193 909 der
1213 882 1288 910 Sinn
1308 882 1433 913 foi-(lert,
1456 881 1520 909 dass

191 932 205 951 c
271 925 325 950 ¹ine
339 923 450 959 jetzige
467 922 559 951 Stelle
581 922 743 950 einnehme.
764 937 802 942 —-
825 919 877 956 4a,
901 919 915 948 1
937 924 970 948 tu
990 922 1050 956 qui.
1072 934 1108 938 —
1129 919 1184 951 411,
1209 920 1223 947 1
1244 920 1345 948 Justet
1363 927 1460 956 qnam.
1483 935 1521 940 -—

190 960 241 992 ba,
263 959 281 988 2
300 961 414 996 Mai-tyr
440 961 564 989 eximius»-
590 961 639 989 vel
659 960 814 995 Julianus,
844 958 976 987 obschon
1000 967 1076 994 ganz
1107 960 1268 989 neumiert.
1294 957 1368 987 doeh
1390 958 1522 986 offenhar

189 1008 241 1027 zur
260 998 410 1026 Auswahl.
437 1015 475 1020 —
498 998 550 1035 7a,
576 997 593 1027 6
619 998 750 1026 adunata
776 999 848 1026 boat
873 999 906 1025 in
931 998 1010 1025 aula.
1037 1011 1075 1016 ——
1102 996 1186 1025 Nach
1216 996 1285 1032 lob,
1307 996 1324 1026 3
1344 997 1419 1032 folgt
1444 997 1521 1024 ohne

190 1036 400 1073 Parallelglied
420 1037 480 1065 und
503 1038 579 1065 ohne
598 1046 668 1065 vom
682 1036 939 1073 Zusammenhang
958 1035 1107 1072 gefordert
1118 1045 1156 1063 zu
1169 1035 1301 1063 werden:
1323 1035 1521 1071 complentem

190 1078 334 1111 perpetim
350 1075 497 1110 jucundat
511 1074 575 1110 (sic)
595 1076 627 1103 in
648 1083 691 1102 ea.
713 1089 750 1094 —-
772 1073 807 1103 10
816 1074 843 1109 1),
865 1074 884 1102 4
903 1074 1102 1109 Alalagmum.

593 1159 655 1190 155.
683 1158 727 1190 De
750 1165 790 1189 ss.
811 1157 900 1189 Justo
922 1158 954 1188 et
972 1156 1113 1189 Pastore.

656 1220 687 1252 1.
714 1218 878 1250 Virtutum
902 1217 1001 1258 Deus,

711 1266 899 1306 corporibus
925 1267 979 1306 qui
1003 1265 1123 1306 ingeris

713 1323 825 1347 auram
847 1315 975 1354 mentis,

192 1373 250 1404 2a.
277 1371 422 1404 Attende
444 1380 532 1404 nunc
555 1371 740 1412 rhythmica
910 1370 969 1403 2b.
991 1370 1200 1403 Exsolvimus
1224 1372 1287 1403 hae
1313 1372 1364 1405 die

273 1420 377 1451 nostri
402 1419 491 1458 labii,
994 1418 1054 1450 tibi
1079 1420 1205 1458 gemino

271 1467 443 1506 poscimus,
476 1467 586 1507 verba,
991 1470 1159 1499 stemmate
1184 1477 1205 1499 a
1230 1467 1328 1500 clara.

192 1525 247 1557 3a.
274 1524 363 1556 Ecce
389 1527 554 1556 corruscat
908 1523 966 1557 3b.
988 1523 1034 1556 Et
1059 1533 1196 1565 compar
1221 1526 1338 1558 Pastor

276 1572 466 1603 victoriosus
491 1572 613 1612 Justus,
993 1572 1118 1612 emicat,
1146 1573 1201 1613 qui
1226 1573 1322 1605 sicuti

278 1619 392 1652 callidi
992 1621 1097 1652 socius

276 1667 377 1700 hostis
403 1668 457 1707 qui
484 1670 598 1699 cuncta
993 1668 1116 1700 exstitit
1139 1668 1217 1708 vita,

278 1715 397 1747 devicit
422 1715 520 1749 bella.
992 1720 1098 1748 morte
1124 1720 1157 1749 et
1180 1717 1236 1749 ita.

191 1773 248 1805 411.
275 1772 320 1804 Hi
345 1775 420 1804 sunt
444 1772 564 1813 quippe
907 1772 968 1806 4b.
990 1773 1035 1806 Hi
1059 1774 1178 1806 milites

276 1820 398 1853 lumina
423 1819 548 1862 fulgida
992 1821 1027 1853 in
1051 1823 1137 1854 arvis
1162 1822 1275 1855 invicti

275 1870 350 1900 ante
374 1872 419 1908 te,
444 1877 513 1908 rex,
539 1869 623 1902 bona
994 1878 1203 1910 permansere
1225 1871 1275 1903 tui

279 1916 487 1949 consistentia
996 1918 1117 1950 virtute
1140 1919 1251 1951 multa.

195 1975 251 2007 5a.
281 1973 354 2006 Uti
379 1976 582 2006 recesserunt
912 1974 971 2007 51).
994 1974 1041 2008 Hi
1065 1976 1143 2008 mali
1169 1977 1336 2009 calcarunt

278 2030 297 2052 a
321 2023 474 2060 praetore
499 2030 594 2054 saevo
997 2026 1095 2063 caput
1118 2024 1216 2065 hydri
1241 2024 1355 2064 fortes,

278 2069 432 2107 vindicta,
992 2071 1102 2111 Jacula

277 2119 448 2156 postquam
472 2118 572 2157 gessit
995 2127 1055 2159 pro
1080 2119 1181 2151 nihilo

278 2164 362 2204 quod
388 2164 508 2197 licebat
533 2165 616 2197 bona
996 2165 1141 2199 Plutonis
1166 2167 1313 2200 tulerunt

278 2211 438 2244 voluntas.
998 2216 1116 2248 omnia.

195 2271 249 2303 6a.
278 2268 378 2301 Vobis
405 2268 524 2310 Stygea
913 2270 971 2305 6b.
994 2270 1090 2304 Nunc
1114 2281 1201 2305 nunc
1221 2273 1316 2313 pueri

280 2317 378 2348 cessit
403 2315 527 2352 feritas,
996 2317 1092 2352 fiores
1116 2320 1252 2353 istorum

280 2365 429 2398 honorati
453 2367 613 2405 martyres
995 2369 1177 2409 imitamini,
1203 2368 1285 2401 coeli

277 2413 374 2445 terris
400 2416 432 2445 et
459 2413 582 2447 aethra.
998 2424 1076 2455 quos
1098 2416 1159 2448 alit
1181 2416 1260 2449 vita.
