1655 2637
539 554 604 599 IV.
663 554 876 598 Commune
913 552 1173 598 Sanctorum.

591 668 659 700 208.
700 669 743 700 De
763 667 918 700 communi
938 668 1124 708 Martyrum.

222 742 280 775 la.
306 740 440 773 Festum
464 744 643 780 martyrum
670 739 754 772 diem
908 739 967 772 1¹0.
988 739 1029 771 In
1054 748 1117 778 qua
1142 738 1290 771 coelestis
1316 740 1423 769 turma

305 789 505 821 celebrantes
990 787 1171 827 gratulatur

304 837 446 870 carmina
473 836 594 875 dantes,
992 842 1108 866 canora
1133 834 1239 868 laude.

221 896 280 927 22.
306 893 415 926 Hodie
440 894 482 926 acl
508 896 596 925 astra
909 892 971 925 2b.
993 891 1122 924 Laurea
1148 900 1264 924 corona

303 941 402 973 subiit
428 940 615 973 fraternitas
641 941 753 972 sancta
993 942 1145 971 coronata
1169 947 1229 979 per
1254 938 1394 979 saecula,

220 1001 274 1033 Sa.
301 1000 392 1032 Intra
416 1000 563 1039 polorum
587 1006 720 1030 amoena
910 996 967 1032 3b.
991 996 1104 1029 Soluta
1128 996 1240 1028 mortis
1262 996 1397 1029 habena.

219 1058 276 1089 4a.
303 1056 447 1095 Alleluja
909 1054 971 1088 4b.
994 1053 1040 1085 Et
1064 1062 1159 1094 quam
1184 1054 1312 1093 bonum,

305 1104 392 1136 laeta
418 1104 543 1144 clamat,
993 1110 1087 1142 quam
1109 1102 1298 1144 jucundum,

304 1160 398 1192 quam
423 1149 514 1190 felix,
991 1159 1049 1182 nos
1075 1148 1193 1182 fratres

304 1199 359 1239 qui
384 1199 485 1231 Deum
512 1201 605 1231 amat.
995 1205 1065 1229 esse
1090 1198 1124 1230 in
1149 1206 1257 1230 unum.

226 1258 282 1290 5a.
310 1256 344 1289 Si
371 1256 573 1296 despeximus
594 1261 732 1293 terrena,
913 1255 970 1288 5b.
994 1254 1100 1287 Deum
1125 1255 1227 1287 solum
1251 1257 1452 1294 venerantes,

309 1313 417 1336 smnus
442 1304 496 1336 hic
518 1304 553 1336 in
578 1312 659 1343 pace
682 1303 789 1344 plena.
994 1312 1055 1342 pro
1079 1311 1141 1343 quo
1165 1305 1303 1335 mortem
1326 1302 1517 1336 tolerantes,

226 1363 281 1396 6a.
309 1362 409 1395 Omne
433 1362 611 1401 sprevimus
635 1361 831 1393 mundanum
913 1360 972 1394 61).
994 1360 1126 1401 Fragile
1152 1360 1248 1392 decus
1274 1368 1312 1391 ac
1337 1368 1464 1393 vanum.

227 1420 245 1452 7
254 1429 282 1452 a.
308 1418 474 1451 Erubesce
495 1419 573 1458 jam,
599 1418 726 1459 lanista,
917 1419 934 1450 7
943 1418 975 1451 b.
1000 1417 1180 1450 Cruciando
1205 1417 1392 1458 minabariS,

311 1467 397 1507 quocl
422 1466 497 1498 olim
523 1474 582 1506 pro
609 1465 729 1499 Christi
754 1465 821 1498 vita
999 1465 1076 1498 inde
1100 1474 1186 1498 nune
1210 1468 1245 1497 tu
1272 1464 1436 1498 cruciaris.

226 1526 282 1558 Sa.
309 1523 411 1556 Nobis
435 1524 549 1564 honor,
916 1522 975 1556 81).
997 1523 1119 1555 Noster
1141 1523 1247 1555 luctus

307 1572 368 1604 tibi
394 1571 485 1604 dolor
998 1571 1070 1603 Jam
1095 1570 1133 1603 fit
1158 1569 1292 1611 fructus,

309 1628 369 1660 pro
394 1622 483 1652 tanto
509 1618 677 1660 supplicio.
999 1628 1060 1659 quo
1084 1619 1248 1660 jungimur
1271 1618 1422 1654 Domino.

229 1678 287 1710 9a.
315 1677 448 1717 Quando
473 1677 601 1717 quidem
626 1676 661 1708 hi
677 1677 836 1709 resultant
920 1677 979 1709 910.
1000 1676 1089 1718 Ergo
1113 1678 1187 1717 jure
1211 1686 1269 1709 nos
1294 1677 1453 1709 laetemur

311 1725 406 1757 simul
431 1733 538 1757 coram
562 1724 710 1767 Domino,
1004 1725 1044 1757 de
1068 1725 1199 1757 illorum
1224 1725 1354 1765 gaudio.

206 1782 285 1817 10a.
311 1782 435 1815 Dantes
460 1782 573 1815 laudes
601 1791 671 1814 cum
697 1791 817 1823 organo
896 1782 978 1816 1010.
1001 1782 1070 1815 Deo
1096 1783 1183 1823 patri
1209 1792 1247 1814 ac
1271 1781 1338 1815 filio

207 1840 247 1874 11
257 1850 286 1873 a.
314 1841 494 1880 Sanctoque
517 1841 685 1884 paraclito,
897 1841 939 1875 11
949 1840 981 1876 b.
1007 1840 1057 1873 Sit
1081 1841 1185 1873 tribus
1209 1849 1291 1873 unus
1317 1841 1429 1874 honor.

281 1906 306 1934 F
331 1906 380 1935 fol.
405 1903 456 1935 181
474 1915 500 1934 a,
569 1904 621 1941 2b,
644 1904 662 1933 2
690 1907 796 1934 saecla.
817 1922 856 1926 -—
873 1906 1016 1944 Melodie„
1030 1908 1062 1935 in
1082 1907 1180 1935 Noten
1208 1907 1285 1936 ohne
1311 1906 1532 1936 Schh'isselvor—

205 1945 358 1981 zeichung.
381 1961 418 1966 —
439 1945 498 1973 Die
517 1944 652 1982 Sequenz
672 1945 777 1981 gehb'rt
796 1945 889 1973 sehon
908 1946 976 1973 dem
994 1943 1244 1981 'Ubergangsstile
1265 1954 1311 1974 an.

591 2037 659 2069 209.
700 2037 744 2069 De
768 2037 925 2070 Communi
945 2037 1129 2077 Martyrum.

693 2110 723 2142 1.
750 2109 814 2141 Hic
840 2111 888 2141 est
910 2117 1007 2142 sonus

751 2156 898 2189 coelestis
923 2159 956 2188 et

211 2213 265 2246 Za.
293 2211 450 2253 Angelica
474 2213 554 2253 laus,
899 2213 957 2247 2b.
983 2215 1120 2249 Carmen
1145 2225 1297 2257 perenne,

294 2267 375 2300 quae
397 2259 516 2292 trinum
543 2261 635 2293 docet
982 2264 1068 2304 quod
1095 2268 1214 2297 canunt
1238 2265 1342 2297 sancti

294 2311 326 2340 et
347 2316 445 2340 unum
469 2308 641 2341 Dominum
984 2314 1016 2343 et
1041 2312 1129 2344 chori
1152 2315 1362 2354 perstrepunt

292 2356 326 2388 in
351 2366 408 2389 sua
982 2360 1110 2392 naviter

294 2414 410 2446 magna
436 2413 505 2437 esse
529 2405 641 2446 gloria.
980 2408 1012 2440 in
1041 2409 1142 2440 civem
1167 2408 1326 2442 aetherea.
