1655 2637
156 201 218 234 Sa.

156 356 218 388 4a.

158 462 217 494 5a.

157 615 216 647 6a.

705 105 945 141 „51-

245 201 359 243 Regna
383 210 466 242 quae
491 204 618 235 sanctos
857 202 915 237 3b.
935 202 1118 236 Decantent
1142 202 1211 235 Deo

241 250 277 281 in
305 253 421 282 cuncta
445 250 575 283 saecula
939 251 1060 292 jugiter
1086 251 1193 283 dulcia

241 297 394 338 perducit
419 298 461 330 ad
489 298 648 331 coelestia.
939 298 1112 339 splendida
1136 307 1215 332 voce
1241 298 1392 331 carmina.

244 355 286 387 In
313 355 410 388 coelis
436 364 506 388 eum
532 358 565 387 et
589 359 676 388 'terra
856 356 917 389 4³0.
939 356 992 389 Ab
1016 357 1089 397 ipso
1112 357 1183 390 Deo
1210 356 1348 397 condita,

248 404 443 437 conlaudant
466 404 618 436 universa
938 404 1014 444 quia
1036 408 1112 437 sunt
1136 404 1232 438 valde
1256 403 1350 438 bona.

246 460 375 493 Gaudet
399 460 495 493 simul
857 461 916 495 5b.
938 461 1010 494 Rex
1034 460 1124 494 Deus
1150 470 1213 501 qua

245 511 276 540 et
301 509 442 541 laetatur
940 517 1036 541 carne
1060 511 1164 542 tectus

242 556 338 596 plebs
362 557 543 598 redempta,
939 559 990 589 est
1012 560 1125 590 nostra

242 613 444 655 Dominat0r‚
856 614 913 648 6b.
935 614 1068 654 Adjuva
1092 624 1159 659 nos,

243 662 397 701 princeps
420 662 522 703 pacis,
937 665 975 695 ut
997 662 1157 702 possimus

244 709 299 749 qui
323 709 380 742 lux
406 718 440 741 es
464 718 542 743 vera
939 711 1081 751 psallere
1106 711 1205 752 digna

244 756 371 799 fulgens
398 766 458 799 per
484 760 609 799 cuncta,
937 758 999 791 tihi
1024 760 1167 792 carmina

624 816 658 849 7.
684 817 829 847 Aeterna
853 824 913 855 per
937 816 1053 850 saecla.

236 880 260 907 F
281 881 331 909 fol.
352 879 388 909 41
411 889 437 909 a.
458 895 497 900 —
515 881 718 917 Bearbeitung
739 880 790 908 der
809 880 1048 910 Advents-Prose
1067 881 1205 917 gleichen
1225 881 1366 918 Aufangs.

622 974 670 1006 34.
709 974 754 1005 Dc
775 973 953 1005 Nativitate
973 972 1032 1006 DN.

160 1035 216 1067 la.
244 1034 354 1067 Psalle
371 1034 457 1078 jam,
854 1034 914 1068 1b.
940 1035 1013 1068 Rex
1038 1044 1105 1067 ecee
1128 1037 1238 1068 noster
1265 1034 1415 1070 Chrmtus

240 1082 338 1114 turba
361 1084 457 1125 laeta,
937 1082 1031 1115 adest
1054 1081 1160 1115 forma

242 1130 293 1161 cui
321 1133 430 1162 cantat
454 1139 596 1170 superna
936 1139 1021 1162 nunc
1041 1130 1172 1163 indutus
1198 1131 1336 1164 humana

242 1180 384 1210 caterva.
942 1179 976 1210 in
1001 1182 1100 1211 terra.

157 1237 220 1269 2a.
245 1235 344 1267 Alma
370 1234 475 1268 fertur
499 1245 563 1268 nox
587 1236 650 1269 ista
856 1235 917 1270 2b.
943 1236 1087 1268 Aeterno
1113 1245 1175 1277 qua
1199 1236 1319 1269 lumine

246 1286 343 1324 atque
367 1284 596 1327 sacratissima,
935 1282 1066 1317 refulsit
1089 1284 1148 1316 lux
1172 1284 1279 1317 beata.

159 1342 218 1375 32.
245 1341 359 1383 Regna
383 1350 465 1383 quae
489 1344 617 1374 sanctos
855 1342 916 1376 3b.
942 1341 989 1375 Ut
1015 1344 1143 1374 cantent
1169 1343 1239 1375 Deo

244 1389 279 1421 in
300 1393 418 1422 cuncta,
438 1389 569 1422 saecula
936 1390 1057 1430 jugiter
1084 1390 1193 1423 dulcia

244 1438 396 1477 perducit
420 1438 462 1470 ad
489 1438 648 1482 coelestia,
941 1438 1116 1478 splendida
1141 1447 1220 1472 voce
1246 1440 1396 1472 carmina.

157 1496 221 1528 4a.
246 1496 287 1527 In
313 1495 437 1527 coelum
462 1503 535 1527 eum
560 1498 594 1527 et
615 1498 706 1528 terra
855 1495 916 1529 4b.
938 1495 990 1528 Ab
1015 1496 1087 1536 ipso
1110 1496 1181 1528 Deo
1208 1496 1349 1537 condita,

245 1543 441 1576 conlaudant
464 1544 616 1577 universa
941 1543 1015 1584 quja
1040 1546 1116 1576 sunt
1140 1544 1236 1577 valde
1262 1545 1354 1578 bona.

158 1601 219 1633 5a.
247 1600 378 1633 Gaudet
401 1601 498 1633 simul
521 1604 554 1633 et
859 1601 919 1635 5b.
941 1601 1013 1634 Rex
1037 1602 1127 1634 Deus
1149 1602 1226 1643 quia

245 1648 387 1681 laetatur
413 1648 507 1689 plebs
943 1658 1039 1682 carne
1063 1653 1168 1683 tectus

243 1696 427 1738 redempta,
943 1701 992 1730 est
1017 1701 1137 1732 nostra.

159 1755 217 1789 62.
245 1754 438 1787 Dominator
858 1755 916 1790 6b.
940 1755 1073 1795 Adjuva
1097 1765 1166 1797 nos,

243 1803 395 1843 princeps
420 1803 522 1843 pacis,
940 1806 976 1836 ut
1000 1803 1159 1844 possimus
1181 1799 1191 1808 “

245 1851 300 1891 qui
324 1852 380 1884 lux
408 1860 441 1883 cs
468 1860 555 1891 vera,
941 1852 1083 1893 psallere
1110 1853 1207 1894 digna

244 1898 427 1932 clarificans
448 1900 516 1940 jam
542 1899 658 1939 omnia,
940 1899 1001 1932 tibi
1027 1901 1165 1934 Domino
1191 1902 1318 1934 cantica

650 1957 681 1990 7.
705 1958 769 1990 Per
793 1957 992 1998 sempiterna

704 2014 834 2046 semper
858 2008 997 2040 saecula.

154 2111 185 2140 N
228 2071 277 2140 ἐξ),
302 2072 353 2102 fol.
384 2070 419 2100 12
448 2072 476 2100 b.
503 2089 541 2093 ——
568 2071 704 2109 Sequenz
732 2073 788 2101 mit
813 2073 981 2111 doppeltern
1002 2074 1158 2112 Eingang;
1189 2075 1408 2113 Emarbeitung
1434 2086 1495 2106 ven

184 2121 207 2140 Γ.
269 2132 276 2139 .

152 2308 210 2343 la.

627 2196 674 2229 35.
705 2196 743 2229 In
763 2196 940 2230 Nativitate
962 2197 1020 2230 DN.

678 2246 725 2284 (In
745 2249 844 2286 prima
861 2249 978 2284 Missa.)

238 2307 387 2341 Coeleste
411 2317 566 2350 organum
855 2308 914 2344 lb.
937 2309 992 2343 Ad
1017 2312 1146 2351 partum
1172 2311 1306 2352 virginis

236 2357 336 2391 hodie
939 2368 1092 2399 superum

234 2407 344 2440 sonuit
367 2407 402 2439 in
427 2410 527 2441 terra.
939 2408 1057 2440 cecinit
1083 2411 1222 2442 caterva.

1274 2464 1317 2495 4*
