1655 2637
616 189 648 221 5.
674 185 804 220 Sociata

672 243 771 275 super
796 238 882 268 astra

672 282 799 316 tinnula

672 331 742 370 quis
768 340 847 363 voce
871 334 985 364 tonans

671 387 814 419 perenne
838 379 991 420 Alleluja.

226 440 268 469 Oa
297 442 347 470 fol.
370 441 406 471 76
417 450 443 469 a.
466 457 505 463 —-
531 443 573 472 Cb
603 443 653 472 fol.
674 441 745 473 581³.
776 460 807 464 —
833 443 858 480 1,
881 444 896 473 1
925 446 1014 474 turba
1040 445 1090 473 Ca.
1118 460 1154 465 ——
1186 445 1212 478 5,
1235 445 1254 473 4
1275 453 1348 482 quas
1370 446 1422 475 Cb.
1442 463 1482 467 -

145 478 283 516 Sequenz
305 479 381 509 ohne
402 481 637 510 Parallelismus.

605 575 655 607 43.
677 575 712 608 111
733 575 851 617 vigilia
871 576 1021 608 Paschae.

149 642 182 675 1.
210 643 355 683 Alleluja
845 650 876 681 4.
905 647 954 679 Tu
980 651 1093 679 contra
1117 651 1228 680 renata

206 692 269 723 hoc
293 691 382 732 pium
407 693 523 726 recitat
906 704 945 727 ex
971 704 1054 735 aqua
1074 695 1179 735 jubila

206 738 300 779 plebs
326 749 410 773 nova
673 756 676 759 ·
903 743 1041 776 Domino
1068 743 1193 776 cantica

207 796 293 819 nunc
316 788 412 823 laeta.
905 796 1036 824 caterva
1060 792 1181 825 inclita.

145 845 180 877 2.
208 844 288 884 Quia
313 849 467 878 resonant
845 850 876 881 5.
905 848 979 881 Tibi
1004 849 1070 880 vita

206 893 345 932 trophea
904 896 1055 928 restituta

208 940 329 973 Christi
352 942 418 982 Jam
442 942 594 982 pretiosa.
904 952 988 976 nunc
1013 947 1181 984 perpetua,

146 999 181 1031 3.
208 997 254 1030 Et
278 1008 341 1031 nox
366 999 476 1039 instat,
504 1009 536 1032 111
561 1009 623 1041 qua
845 1003 876 1033 6.
904 1000 948 1033 Ut
975 1001 1128 1033 reiterata

205 1048 331 1079 tartara
903 1056 939 1080 se
964 1048 1069 1080 solvat

204 1093 317 1133 lugent
341 1098 504 1127 evacuata.
903 1097 1099 1135 peccamina.
1152 1099 1265 1129 Amen.

222 1158 264 1188 Cb
283 1159 333 1187 fol,
358 1158 397 1188 34
407 1161 434 1189 b.
456 1175 494 1180 —
514 1160 650 1198 Sequenz
670 1162 747 1190 nach
770 1161 904 1190 Ausweis
926 1162 978 1190 der
995 1162 1124 1191 Melcdie
1147 1162 1224 1190 ohne
1246 1162 1478 1190 Parallelismus.

619 1255 670 1286 44.
692 1254 728 1287 111
748 1254 829 1287 festo
851 1254 999 1286 Paschae.

613 1327 628 1358 1
635 1351 643 1358 .
668 1327 812 1367 Fuigens
836 1326 1007 1366 praeclara

143 1382 201 1415 2a.
228 1381 353 1415 Rutilat
379 1391 439 1423 per
464 1384 574 1415 orbem
841 1383 900 1416 21).
924 1383 975 1415 De
999 1383 1093 1416 hoste
1117 1384 1257 1423 superbo

229 1430 327 1462 hodie
352 1431 431 1470 dies,
458 1432 490 1463 in
518 1440 580 1471 qua
925 1432 1009 1471 quod
1036 1433 1131 1465 Jesus
1157 1431 1369 1471 triumphavit

228 1476 349 1511 Christi
924 1479 1061 1519 pulchre

226 1526 337 1559 lucida
348 1530 523 1560 narrantur
537 1531 672 1560 ovanter
684 1537 779 1569 proe-
925 1533 1033 1559 castra
1053 1527 1140 1560 illius
1171 1528 1333 1568 perimens
1359 1531 1477 1560 taeter-

549 1576 605 1617 lia,
1245 1576 1337 1611 rima.

142 1633 200 1667 3a.
229 1630 348 1665 Infelix
375 1633 472 1673 culpa
491 1632 591 1673 Evae,
840 1633 901 1667 3b.
923 1633 1018 1665 Felix
1042 1633 1152 1674 proles
1177 1633 1314 1676 Mariae,

225 1689 291 1721 qua
315 1681 476 1713 caruimus
923 1690 987 1721 qua
1011 1681 1179 1722 epulamur

227 1737 337 1761 omnes
364 1729 440 1762 vita.
923 1729 1019 1762 modo
1045 1739 1120 1762 una.

141 1788 201 1822 4a.
226 1786 407 1820 Benedicta
431 1787 475 1819 sit
839 1787 901 1821 4b.
926 1787 1091 1820 Generans
1117 1796 1224 1828 regem

226 1835 314 1868 celsa
336 1835 450 1876 regina
473 1835 533 1868 illa
922 1835 1115 1876 spoliantem
1138 1839 1273 1876 tartara,

141 1896 200 1928 53.
228 1893 408 1927 Pollentem
430 1893 498 1933 jam
524 1893 559 1925 in
584 1893 725 1928 aethera.
840 1894 899 1927 5b.
926 1895 1035 1927 Patris
1062 1894 1177 1927 sedens
1203 1895 1246 1928 ad
1274 1894 1449 1931 dexteram,

224 1943 295 1975 Rex
319 1942 354 1974 in
380 1944 556 1982 aeternum,
922 1943 1036 1976 Victor
1060 1942 1190 1985 ubique,

225 1990 354 2031 suscipe
378 1990 534 2031 benignus
922 1994 1027 2024 morte
1052 1994 1205 2031 superata

223 2038 398 2080 praeconia
422 2042 535 2072 nostra
921 2044 1019 2081 atque
1042 2039 1242 2081 triumphata

223 2088 344 2121 Sedule
922 2088 1073 2121 Polorum

221 2136 283 2169 tibi
307 2138 466 2170 canentia.
920 2137 1092 2177 possidens
1117 2137 1245 2179 gaudia.

136 2197 193 2230 62.
222 2196 247 2230 Ο
273 2205 400 2238 magna,
837 2196 896 2230 6b.
918 2195 1005 2228 Laus
1030 2195 1091 2228 tibi

221 2254 239 2277 o
266 2245 363 2283 ceisa,
920 2244 1088 2285 honorque

220 2303 238 2326 o
261 2293 401 2334 pulchra
921 2302 959 2325 ac
983 2293 1097 2332 virtus,

220 2342 392 2375 clementia
419 2342 549 2382 Christi,
922 2342 977 2383 qui
999 2345 1143 2376 nostram
1169 2343 1334 2384 antiquum

218 2389 359 2433 luciflua,
387 2400 405 2424 ο
432 2391 527 2425 alma.
920 2391 1048 2424 leviasti
1074 2392 1245 2424 sarcinam.
