1655 2637
229 738 285 770 2a.

229 844 286 876 3a.

195 999 201 1005 ⁴
228 998 285 1030 4a.

229 1198 286 1230 5a.

228 1352 284 1384 6a.

230 1506 286 1539 7a.

233 1951 289 1983 8a.

228 2058 284 2091 9a.

206 2262 289 2298 10a.

618 512 664 556 V.
720 513 787 557 De
822 512 1114 557 Dominiea.

655 618 723 650 229.
755 618 853 651 Prosa
874 618 1086 651 Dominioalis.

719 682 751 714 1.
777 680 884 714 Adest
910 690 1023 722 nempe

314 737 433 770 Valens
457 737 529 770 usia

313 782 456 826 δύναμις
482 786 580 827 clara,

312 844 404 877 Haec
429 844 493 876 tria
517 852 645 885 semper
669 847 743 876 sunt

310 891 466 924 instantia

311 940 347 971 in
371 940 495 979 sophia,

312 997 440 1030 Tonare
466 1006 529 1037 qua

311 1054 381 1077 sors
406 1054 529 1077 summa

313 1096 360 1125 est
388 1093 429 1125 de
453 1093 600 1125 trinitate

310 1141 487 1181 praecelsa.

314 1198 453 1230 Boantia

313 1246 456 1278 carmina
480 1246 599 1279 reddat

312 1294 470 1327 trutinata

311 1352 490 1384 Penetrans

308 1398 416 1432 omnia

311 1447 400 1480 Deus
418 1450 534 1480 cuneta
549 1451 664 1489 potens
678 1446 839 1480 fabricata

314 1505 438 1546 Spiritu
460 1510 572 1538 sancto

313 1551 424 1586 flatum
451 1553 531 1586 dans
556 1553 702 1594 potentia

315 1605 348 1633 et
370 1602 541 1642 majestate

315 1658 518 1682 commanens
545 1659 605 1691 per
629 1651 786 1691 tempora,

312 1699 411 1732 Pater
437 1701 471 1730 et
492 1697 580 1731 filius

313 1750 345 1778 et
367 1749 497 1779 sanctus
522 1748 667 1788 spiritus,

314 1795 413 1835 Deus,
441 1794 539 1833 Deus,

312 1843 411 1883 Deus,
439 1846 546 1876 ‘tamen

317 1892 393 1925 diva
416 1901 481 1924 una
508 1892 622 1925 deitas.

316 1950 509 1991 Exoramus,

315 2008 427 2041 regum
452 1999 573 2042 regina,

311 2057 429 2099 Angeli
454 2057 539 2089 hanc
563 2056 667 2090 aulam

316 2105 469 2145 MichaeL

319 2154 453 2188 Gabriel
480 2154 580 2187 ceteri

314 2207 351 2235 ut
375 2203 532 2238 muniant.

317 2262 343 2296 Ο
369 2264 484 2303 pastor
510 2261 646 2304 egregie,
676 2261 727 2294 oui
753 2265 802 2294 est

314 2310 438 2353 ligandi
463 2320 483 2343 a
507 2310 577 2343 Deo

313 2359 439 2393 meritis

318 2409 395 2442 data
419 2410 575 2451 potestas,

923 738 983 772 2b.

923 843 983 876 eb.

921 998 942 1030 4
950 997 981 1030 b.

921 1198 979 1231 5b.

923 1352 987 1387 6b.

925 1506 984 1540 7b.

928 1949 986 1984 8b.

928 2057 987 2092 9b.

906 2261 989 2296 10b.

1007 738 1158 771 Sitientes

1007 789 1081 819 sunt
1106 782 1268 832 ἐναργείᾳ,

1007 844 1095 883 Quae
1120 852 1233 884 gyrum
1259 843 1387 883 Olympi

1006 901 1065 932 per
1087 892 1215 923 saecula

1006 940 1074 972 sola
1097 939 1249 979 lustranS,

1005 997 1099 1029 Licet
1124 1005 1237 1036 pressa

1006 1043 1133 1077 factura

1006 1093 1049 1124 sit
1072 1091 1272 1131 piaculorum

1002 1140 1139 1179 sarcina,

1003 1198 1197 1230 Plasmatori

1005 1254 1074 1285 suo,
1100 1246 1156 1286 qui
1181 1248 1288 1279 exstat,

1004 1298 1080 1326 ante
1105 1297 1183 1327 tota.

1009 1353 1047 1385 In
1072 1351 1171 1384 verbo

1007 1399 1162 1442 condidit,

1005 1449 1039 1480 in
1072 1448 1233 1489 principio
1258 1447 1347 1481 Deus
1374 1448 1428 1489 qui
1454 1451 1533 1481 erat.

1005 1505 1069 1539 Dei
1094 1506 1247 1547 genitrix,

1007 1554 1081 1587 fave
1105 1554 1321 1595 immaculata,

1008 1611 1089 1643 quae
1114 1602 1154 1634 ab
1186 1604 1299 1644 angelo

1008 1651 1179 1691 suscepisti
1204 1650 1327 1691 nuntia,

1009 1700 1101 1739 virgo
1125 1700 1196 1731 sola
1219 1702 1323 1732 mater

1011 1751 1043 1779 et
1068 1745 1263 1780 felicissima.

1012 1795 1135 1836 Gaude,
1162 1800 1284 1837 sancta,

1010 1849 1053 1885 te,
1081 1844 1228 1886 innupta,

1008 1892 1121 1925 laudat
1147 1894 1248 1925 omnis
1273 1895 1399 1927 natura.

1010 1951 1074 1984 Pro
1099 1950 1193 1982 nobis

1008 2002 1045 2031 ut
1068 1998 1262 2041 intercedas,

1013 2058 1135 2091 Cuncta
1160 2058 1224 2091 Dei
1247 2058 1318 2091 laus
1344 2058 1409 2101 pia,

1008 2106 1113 2139 trinus
1139 2108 1172 2138 et

1012 2163 1094 2187 unus
1116 2154 1325 2197 praefulgens
1351 2156 1405 2196 qui

1012 2212 1139 2243 semper
1164 2208 1287 2245 regnat.

1012 2262 1140 2294 Pietate
1164 2266 1276 2296 nostra
1302 2262 1418 2295 ductus
1443 2265 1499 2296 tua

1013 2309 1242 2352 suffragatione

1012 2369 1051 2392 ac
1075 2357 1215 2392 fratrum

1014 2409 1120 2441 solvas
1141 2409 1271 2443 delicta.
