1655 2637
768 154 1035 190 —258—

606 251 649 279 Ob
669 251 720 279 fol.
741 249 778 279 85
791 259 816 278 a.
839 267 878 271 —
898 251 926 278 E
946 250 996 279 fol.
1018 248 1073 277 279
1088 250 1117 275 i».
1137 264 1176 268 —
1196 249 1220 277 F
1240 249 1291 277 fol.
1314 247 1372 278 173
1383 258 1409 278 a.
1429 265 1470 270 -
1489 248 1574 286 2b‚1

241 289 321 323 Quos
341 288 490 316 redemisti
510 289 641 317 BGbEF.
662 304 700 308 —
719 287 775 324 4a,
796 287 815 316 2
838 292 867 317 et
886 289 1044 317 adoramus
1068 296 1142 319 eum,
1162 287 1287 315 lezteres
1309 297 1405 325 geg-en
1420 289 1499 317 Vers
1515 290 1577 318 und

240 326 355 354 direkte
375 327 504 361 Anrede3
527 329 557 354 et
574 327 776 356 benedicimus
798 336 899 355 omnes
914 328 949 356 F.
966 342 1005 346 —
1024 325 1079 362 41),
1095 324 1110 354 1
1125 326 1197 354 Tibi
1209 327 1323 362 gratias
1344 327 1469 356 BCbEF
1481 336 1578 366 geg-en

241 365 293 392 das
313 363 474 393 Vcrsmass.
502 379 539 384 —
568 364 621 400 41),
643 364 661 393 2
681 367 887 402 potentissime
913 366 946 394 F.
968 379 1006 384 —-
1024 363 1080 400 4b,
1101 362 1119 393 3
1145 373 1189 401 sq.
1210 364 1285 392 fehlt
1305 366 1337 394 F.
1359 381 1397 385 —
1418 366 1469 397 522,
1493 365 1508 395 1·
1529 368 1577 396 Τυ.

241 411 272 431 cs
292 411 344 430 rex
364 403 396 431 F.
418 419 454 423 —-
476 402 527 436 53,
550 401 568 430 2
589 406 619 431 et
638 404 805 432 dominator
825 404 958 433 BCbEF.
979 420 1017 423 —
1038 403 1089 435 -5a,
1111 401 1129 431 3
1151 404 1284 431 omnium
1296 404 1372 432 fehlt
1383 405 1417 433 F.
1432 419 1469 424 —
1490 406 1575 434 Nach

238 440 284 470 51»
305 441 431 469 schaltet
449 442 473 470 F
493 443 557 470 ein:
576 442 618 470 Et
636 444 669 470 in
689 445 841 470 aeternum
860 444 1001 471 miserere
1020 442 1115 475 nobis,
1137 441 1305 478 redemptor
1325 444 1412 471 aime.

314 250 339 277 B
360 250 410 278 fol.
434 248 487 278 198
499 251 526 279 b.
554 265 560 269 -

681 535 748 567 238.
789 535 889 567 Prosa
909 534 1121 568 Dominicalis.

701 607 732 640 1.
760 607 824 638 Per
848 607 980 639 saecula

240 664 298 695 2a.
321 661 395 694 Tibi
420 665 605 702 permaneat

319 709 400 750 laus,
426 711 571 751 victoria,

318 757 417 797 Deus,
443 759 622 799 praeclara,

237 816 293 848 321.
317 813 376 852 Qui
401 816 517 847 venisti

319 862 359 894 de
381 863 459 894 sede
483 866 621 903 paterna

315 913 426 942 nostra
449 911 483 942 in
507 921 594 952 arva,

233 969 289 1001 4a.
316 966 373 1006 Te,
402 966 537 1008 Christe,
564 977 644 1001 voce
669 970 756 1001 celsa

318 1015 512 1047 conlaudant

237 1073 291 1104 5a.
318 1071 456 1111 Agmina
481 1075 556 1104 ante
580 1076 612 1105 te

317 1128 402 1150 nunc
428 1121 583 1154 canentia.

931 663 993 697 21).
1017 663 1077 702 Qui
1102 664 1175 704 pius
1203 668 1235 696 et
1261 665 1400 698 clemens

1015 711 1132 744 delesti
1157 715 1271 745 cuncta

1014 760 1147 792 crimina
1173 764 1294 794 nostra.

929 816 989 851 31).
1011 818 1099 849 Ante
1124 819 1233 851 saecla

1013 874 1085 898 cum
1112 874 1148 898 eo
1177 875 1377 909 conregnans

1012 922 1135 945 summa
1160 915 1275 955 gloria.

926 969 987 1004 4b.
1010 971 1062 1002 Ac
1085 974 1173 1003 tuam
1198 973 1376 1012 potentiam

1011 1019 1203 1058 praedicant

930 1074 987 1109 512.
1014 1076 1157 1108 Trinitas
1184 1086 1202 1109 o
1228 1081 1351 1112 sancta.

1011 1132 1076 1155 una
1102 1124 1215 1162 deitas,

696 1180 726 1212 6.
756 1178 957 1212 Concinimus
984 1188 1092 1212 omnes

755 1226 817 1258 tibi
841 1228 986 1267 gloriam.

312 1288 345 1315 M
371 1288 421 1316 fol.
451 1287 543 1317 1971).
564 1306 602 1310 -
622 1289 672 1325 23,
694 1289 712 1319 3
741 1301 758 1319 o
786 1293 876 1321 Deus.
905 1310 942 1314 -—
965 1291 1022 1328 31),
1045 1292 1062 1320 2
1084 1303 1118 1322 eo
1139 1304 1276 1332 regnans.
1298 1312 1335 1315 —
1356 1296 1409 1331 4b‚
1433 1297 1448 1325 1
1470 1299 1569 1336 Atque

235 1328 325 1354 tuam.
402 1327 578 1356 Aufschrift:
602 1330 678 1365 „Ubi
698 1331 744 1358 vis
767 1331 903 1360 breviare
924 1331 1052 1360 officium
1072 1335 1195 1369 propria
1208 1333 1391 1371 sequentia.“

683 1422 749 1454 239.
789 1423 887 1455 Prosa
905 1424 1119 1457 Dominicalis.

695 1494 712 1525 1
719 1518 726 1525 .
755 1494 849 1526 Orbis
874 1496 1062 1535 redemptor

237 1548 293 1579 212.
319 1546 365 1578 Et
390 1547 536 1579 conditor

314 1594 446 1634 jamjam
471 1604 574 1635 prope
599 1600 657 1637 est,

236 1652 290 1684 321.
317 1650 430 1683 Finxit
454 1653 506 1692 qui
532 1662 600 1694 nos,

237 1710 293 1742 4a.
319 1707 512 1748 Liquescent
538 1711 644 1752 eones,

238 1766 294 1798 52.
320 1765 392 1797 Lux
416 1769 531 1799 tremet
555 1768 589 1799 in
615 1771 687 1800 ortu
712 1778 779 1811 suo,

320 1813 522 1847 tenebrescet
547 1819 578 1847 et
603 1816 710 1857 Titan,

317 1862 431 1893 turmis
457 1872 564 1895 omnes

318 1910 480 1949 rapiemur
504 1912 653 1952 undique.

927 1552 986 1587 2b.
1015 1553 1184 1587 Conclusio

1011 1604 1043 1632 et
1067 1603 1180 1634 mundi
1205 1603 1289 1636 finis.

927 1656 985 1690 310.
1009 1657 1106 1690 Venit
1131 1660 1174 1692 ad
1197 1670 1266 1693 nos.

927 1714 986 1748 4b.
1008 1715 1138 1749 Montes
1164 1722 1304 1754 ruentes.

929 1771 988 1806 5b.
1012 1774 1099 1805 Ante
1124 1775 1215 1807 illum
1241 1777 1452 1816 adstabimus,

1010 1830 1097 1853 nunc
1121 1824 1175 1863 qui
1201 1829 1315 1865 regnat
1342 1835 1413 1859 cum
1437 1828 1507 1862 Deo

1010 1873 1104 1908 patre
1128 1871 1224 1904 simul

1012 1920 1045 1948 et
1070 1926 1142 1950 cum
1166 1921 1284 1960 spiritu
1309 1927 1431 1958 sancto.

310 1974 335 2001 B
356 1975 406 2003 fol.
428 1973 483 2004 203
495 1977 523 2004 b.
545 1991 581 1995 —-
603 1977 686 2006 Ohne
704 1978 842 2008 Melodie.
867 1995 902 1999 —
923 1980 950 2017 5,
973 1978 991 2009 3
1015 1991 1184 2021 omnesque.

676 2071 746 2103 240.
788 2072 888 2105 Prosa
907 2074 1119 2108 Dominicalis.

656 2142 687 2174 1.
716 2143 925 2184 Omnipotens

712 2190 810 2232 Deus,
836 2191 930 2226 fortis

712 2247 772 2278 per
796 2240 967 2274 innumera
990 2245 1129 2285 saecula,

931 2299 991 2333 210.
1015 2300 1085 2342 Ego
1113 2312 1183 2336 sum

1011 2349 1178 2395 Dominus,
1208 2353 1331 2395 dixisti,

1015 2400 1045 2429 et
1070 2408 1134 2431 non
1162 2404 1210 2433 est
1236 2403 1318 2435 alius

1011 2446 1045 2477 in
1075 2448 1216 2483 aethera.

235 2293 291 2323 22..
323 2290 381 2329 Qui
407 2290 510 2323 solum

320 2340 353 2369 te
376 2339 494 2378 priscis
519 2341 681 2373 mandasti

322 2386 429 2418 colere
452 2385 589 2420 firmiter

318 2434 352 2466 in
378 2435 480 2468 arida.
