1655 2637
711 102 949 138 —64-—

168 201 263 227 mater
282 195 324 235 Σ]
347 202 417 236 post
441 199 560 228 modum
581 200 617 228 de
636 201 729 236 stirpe
749 207 811 228 sua.
855 200 917 227 Der
937 199 1012 225 Sinn
1031 196 1103 224 liisst
1122 196 1203 223 (liese
1228 194 1321 223 Stelle
1341 192 1386 221 aJs
1406 192 1504 237 Inter-

169 238 304 273 polation
325 238 483 266 erkenuen.
507 255 544 259 —-
567 237 617 273 52„
638 238 658 266 4
678 238 827 266 dexteram
847 237 936 266 ΑΒΕ,
957 249 992 254 -·
1015 234 1064 267 521,
1087 232 1103 263 6
1128 233 1267 262 aetherea
1285 232 1323 265 B;
1344 233 1503 259 materiam

169 277 201 305 Σ
227 291 263 295 -
288 275 340 310 5b,
362 275 380 304 2
399 276 541 305 indemna
559 277 599 312 A3
626 276 763 305 indemne
783 277 819 312 133
845 275 1014 304 indemnata
1037 274 1073 301 Σ.
1094 287 1131 292 —
1151 271 1204 305 5b,
1224 270 1244 299 4
1269 272 1388 306 poterat
1405 270 1441 297 A.
1463 284 1501 289 ——

169 313 222 350 5b,
244 313 261 342 5
289 317 407 350 praeter
433 316 551 352 culpam
570 316 604 344 B.
630 331 669 336 --
695 314 744 350 6a,
772 313 783 341 1
814 315 890 343 abiit
908 312 975 344 AE:
1007 312 1134 348 ambigit
1148 311 1190 343 Σ;
1219 310 1359 354 illicitam
1378 307 1441 337 BE.
1462 322 1502 327 -

171 351 221 389 6a,
242 351 261 380 2
282 361 368 389 quem
388 353 509 381 tenebat
525 354 614 382 ΑΒΕ.
634 368 672 373 —-
692 353 744 389 62,
765 350 783 382 3
805 354 981 389 acquisitam
995 351 1054 378 BE.
1078 366 1116 370 —
1137 349 1189 383 610,
1212 347 1227 376 1
1249 348 1392 393 Ambiere
1407 348 1450 392 A..
1463 361 1503 366 -

169 391 222 427 72,
246 389 260 418 1
282 392 382 420 refusa
400 392 442 426 Ε·,
463 392 582 421 refulsit
600 392 634 420 A.
655 407 694 412 -—
711 390 764 427 721,
784 389 804 418 2
824 391 910 419 defici
926 390 966 423 A;
988 388 1089 417 deficit
1109 388 1143 416 B.
1163 402 1203 406 —
1222 386 1239 414 7
1251 396 1278 422 a,
1293 385 1313 415 3
1333 388 1505 415 extu-nutas

168 430 202 458 E.
223 444 262 449 -—
282 429 332 464 7a,
353 429 370 458 6
390 430 517 467 largitur
531 432 568 459 A:
591 433 755 467 ingressum
769 430 833 458 ΑΣ,
850 443 887 449 —
908 429 925 456 7
933 436 958 461 a,
981 426 998 455 7
1019 435 1183 463 regressum
1205 425 1269 454 ΑΕ.
1291 441 1328 447 —ae
1350 425 1402 458 7a,
1423 421 1442 452 8
1462 423 1501 452 ad

170 470 391 505 percipiendum
412 471 495 505 regni
523 471 616 498 vitam
636 469 672 495 Σ.
692 484 731 489 —-
749 467 800 504 8a,
822 466 840 494 2
859 468 1061 504 probaverunt
1079 466 1113 494 B.
1137 481 1174 486 --
1195 463 1248 499 8³,
1271 463 1289 493 3
1309 463 1504 492 aedificantes

168 507 230 535 BE.
252 521 290 527 -
309 506 363 539 «qb,
384 505 402 536 3
423 509 454 535 in
475 508 535 535 alto
555 507 590 535 A.
612 524 648 528 —
668 506 720 541 9a,
740 505 759 534 2
773 515 837 543 sqq.
859 508 991 543 potestas
1008 505 1070 540 ejus
1084 506 1182 541 prima
1196 505 1228 532 in
1245 502 1374 532 saecula.
1395 503 1501 530 Amen.

173 545 264 574 ΒΕΣ.
284 561 322 566 -
345 546 450 581 „Feria
472 548 558 574 sexta
575 543 724 574 Pascha&
748 547 783 573 Σ.

615 638 654 670 51.
676 638 772 670 Feria
792 638 884 670 sexta
904 637 1052 669 Paschae.

673 702 702 733 1.
732 700 866 733 Creator
890 698 958 739 poli

727 755 847 788 rexque
872 750 987 788 terrae,

171 805 229 837 22.
257 804 316 843 Qui
341 812 469 844 semper
495 813 527 836 es
553 805 695 837 salvator
864 803 921 837 2b.
946 802 1006 842 Qui
1031 801 1191 834 hominem
1216 801 1382 842 perditum

258 852 425 892 gloriosuS,
945 850 1106 890 reparasti

172 910 231 942 32.
258 908 353 940 Nunc
377 911 448 940 tuos
473 907 610 940 famulos
864 907 922 942 3b.
949 907 995 940 Ut
1017 915 1145 947 semper
1171 906 1305 938 dextera

254 955 352 996 salva,
381 955 517 995 Christe,
545 956 627 988 alme
653 964 719 996 rex,
947 958 1003 987 tua
1026 954 1109 987 salvi
1133 963 1172 986 ac
1197 954 1259 986 tuti

255 1012 274 1035 a
300 1002 436 1045 delictis,
946 1002 1060 1035 laudes
1087 1004 1211 1034 canant.

173 1063 229 1094 4a.
258 1059 371 1092 Gloria
394 1059 454 1092 tibi
864 1060 924 1094 4b.
946 1059 1005 1098 Qui
1030 1068 1129 1099 super
1154 1061 1243 1090 astra

255 1115 382 1147 semper
406 1108 458 1150 sit⁷
485 1109 564 1141 Jesu
591 1109 727 1149 Christe,
947 1117 1063 1148 regnas
1089 1116 1109 1138 a
1135 1106 1260 1139 dextris
1285 1106 1389 1146 patzis

253 1155 288 1187 in
310 1158 486 1195 aetenum,
946 1156 981 1187 in
1008 1154 1152 1188 excelsis

174 1214 229 1245 ba.
256 1212 421 1252 Angelicis
447 1212 553 1244 choris
866 1213 924 1246 bb.
946 1213 1027 1246 Post
1047 1212 1153 1244 labem
1180 1211 1285 1244 effecti

256 1260 398 1301 digneris
950 1260 1089 1292 coelibes

256 1316 353 1340 voees
375 1308 568 1347 conjungere
948 1308 1108 1340 mansuris
1132 1308 1284 1340 sistamus

256 1358 288 1387 et
311 1357 448 1387 nostras.
950 1355 1112 1390 laudibus.

172 1413 228 1445 Ga.
257 1411 342 1443 Laus
367 1412 428 1445 tibi
452 1412 506 1448 sit,
532 1411 680 1448 Domine„
866 1413 927 1446 612.
951 1412 1012 1452 Qui
1035 1422 1150 1453 regnas
1178 1421 1249 1446 eum
1271 1412 1339 1445 filio

254 1462 365 1492 sancte
388 1462 492 1500 pater„
518 1459 551 1492 in
577 1468 699 1499 aevum,
952 1463 984 1493 et
1009 1468 1080 1492 eum
1105 1463 1217 1493 sancto
1239 1461 1367 1501 spiritu.

172 1519 228 1550 7a.
256 1516 410 1558 Dignam,
436 1517 584 1557 Domine,
867 1518 924 1551 712.
949 1517 1054 1550 Simus
1079 1518 1267 1558 perenniter

253 1573 367 1606 preces
392 1569 520 1598 nostras
950 1570 983 1597 te
1008 1565 1179 1598 Dominum

253 1616 424 1653 acceptare
447 1613 481 1646 in
509 1613 649 1646 Christo.
951 1614 1172 1646 collaudantes
1198 1613 1317 1655 ubique

633 1672 664 1705 8.
692 1670 787 1704 Nunc
813 1675 846 1703 et
869 1680 998 1712 semper

716 1718 865 1752 feliciter.

245 1776 272 1804 A
293 1775 342 1804 fol.
365 1773 400 1803 61
422 1775 449 1803 b.
471 1789 510 1795 -—
529 1775 554 1804 B
575 1776 625 1804 fol.
647 1773 704 1805 202
724 1777 753 1805 b.
773 1792 813 1796 —
828 1776 856 1804 D
871 1777 921 1805 fol.
945 1774 1000 1805 109
1022 1776 1049 1804 b.
1063 1792 1101 1797 -—
1124 1776 1152 1805 E
1166 1776 1216 1805 fol.
1238 1773 1297 1805 304
1317 1785 1343 1804 a.
1357 1793 1395 1797 —
1414 1777 1440 1805 F
1456 1777 1508 1805 fol.

172 1811 227 1841 173
240 1815 269 1842 b.
286 1829 325 1834 -—-
344 1813 376 1841 M
390 1813 440 1842 fol.
457 1812 512 1843 196
530 1822 556 1842 a.
578 1831 615 1836 -—
636 1813 739 1843 1—5a
752 1814 852 1843 fehlen
863 1815 905 1843 M.
920 1830 957 1835 —
979 1814 1004 1851 1,
1025 1813 1045 1842 2
1066 1818 1158 1852 atque
1170 1819 1267 1843 terrae
1279 1815 1346 1843 DE.
1361 1831 1397 1836 —
1418 1815 1474 1849 41),
1488 1814 1508 1843 2

169 1853 209 1880 ad
229 1853 364 1881 dextram
375 1853 416 1880 M.
431 1869 469 1874 —
491 1852 544 1885 5a,
558 1851 576 1882 3
598 1855 723 1882 vocibus
739 1855 865 1891 jungere
881 1855 908 1882 A
923 1854 1048 1891 jungere
1063 1854 1190 1882 vocibus
1206 1854 1275 1889 BE3
1298 1863 1378 1882 nunc.
1396 1856 1509 1883 nostris

169 1891 421 1957 ABDssssssngem
440 1900 529 1920 voces
551 1901 668 1920 sursum
688 1896 806 1921 nostras
828 1893 854 1921 F
874 1908 912 1913 —
932 1891 984 1926 53,
1007 1892 1027 1921 4
1047 1896 1077 1922 et
1098 1893 1173 1921 fehlt
1192 1893 1225 1921 B.
1246 1908 1285 1913 —
1311 1892 1363 1927 5b,
1387 1892 1405 1922 3
1426 1901 1509 1922 man-

170 1938 234 1957 suri
334 1949 340 1955 .

209 1966 255 1995 Ga
272 1967 336 1994 und
355 1966 398 1995 eb
418 1967 518 1996 femen
536 1969 577 2004 Ἐς
599 1969 700 1997 daffir:

441 2009 493 2039 6a.
517 2012 692 2047 Ignoremus
716 2020 844 2048 poenam
864 2014 1012 2042 maloi-imi
1030 2014 1099 2043 fulti
1118 2014 1224 2051 gloria.

440 2047 493 2077 6b.
517 2050 737 2086 Conregnemus
759 2050 912 2086 conjuncti
932 2060 1009 2089 agno
1030 2054 1097 2081 sine
1114 2053 1242 2081 maaula.

209 2090 252 2118 7a
272 2099 335 2127 sqq.
356 2090 456 2119 fehlen
476 2092 542 2128 BE3
564 2093 663 2120 dafiir:

439 2133 493 2162 62.
513 2136 649 2171 Dignam
667 2136 797 2164 Domine
817 2137 892 2166 Jesu
910 2147 964 2166 rex

442 2171 493 2200 610.
513 2173 600 2201 Alme
619 2182 674 2201 nos
695 2175 844 2203 custodire
864 2183 883 2204 a
902 2177 981 2205 malo

441 2209 467 2238 7.
514 2212 665 2248 Bonisque
687 2213 823 2242 omnibus
845 2215 962 2250 repleri.
1002 2216 1105 2244 Amen.

210 2251 252 2280 'Ia
273 2261 337 2289 sqq.
357 2252 456 2281 fehlen
474 2253 550 2288 mn
572 2255 671 2282 daffir:

440 2295 457 2322 7
468 2305 494 2324 a,
514 2297 684 2325 Proclamat
704 2300 734 2326 et
751 2300 827 2327 tuba
843 2300 928 2329 Deus
948 2305 1053 2330 nostra

441 2334 492 2362 71³.
513 2336 583 2363 Tibi
602 2339 723 2363 maneat
741 2345 857 2365 summa
877 2338 955 2367 doxa

440 2371 466 2401 8.
513 2373 556 2401 Et
576 2376 683 2402 cuncta
701 2383 755 2411 per
774 2377 896 2404 saecula
916 2379 999 2406 coelo
1021 2381 1111 2415 atque
1133 2383 1221 2409 terra.

253 2416 358 2451 „Feria
376 2419 460 2445 sexta
479 2416 625 2453 paschae“
646 2417 690 2453 D3
713 2417 891 2452 „Dominica
910 2424 978 2454 post
997 2423 1221 2452 ascensionem“
1244 2424 1277 2453 F.
