1655 2637
186 235 244 267 Sa.

187 482 243 513 9a.

717 129 980 165 *276—

273 230 377 265 Aufer
402 240 421 262 a
445 230 547 272 nobis,

271 287 469 320 quaesumus,
497 286 620 310 summa
641 276 776 316 bonitaS,

268 327 354 359 mala
377 326 563 369 praeterita,

269 374 452 415 praesentia

268 426 363 462 atque
389 420 498 454 futura

269 479 314 512 Et
337 480 427 511 salva
451 487 508 511 nos

265 527 369 568 gratia

268 578 299 606 et
323 573 547 606 misericordia
569 575 635 616 tua,

879 227 937 261 8b.
965 226 1114 259 Concede
1138 223 1241 264 nobis,

960 274 1063 315 patris
1088 273 1193 306 nostri
1216 271 1390 304 Benedicti

962 322 1052 364 sequi
1077 321 1223 362 vestigia,

962 371 1169 403 observemus

961 420 1137 459 praecepta
1162 420 1231 457 tua3

928 502 935 510 .
960 475 1006 509 Ut
1031 476 1190 515 possimus

961 532 1076 556 canere

955 571 1068 604 laudes
1094 572 1127 603 in
1152 579 1253 613 regna
1280 570 1434 603 coelestia

689 629 745 663 10.
774 628 853 662 Cum
879 628 1007 669 agmina

778 679 899 709 sancta.

261 744 285 771 B
306 743 355 772 fol.
379 742 433 772 195
455 745 482 773 b.
509 760 547 764 —
573 743 600 772 E
621 744 670 772 foL
692 741 748 771 288
769 743 796 770 b.
822 756 854 762 —-
874 740 919 771 2a
938 743 999 771 und
1019 744 1037 772 b
1059 744 1125 772 sind
1145 742 1202 771 frei
1222 744 1254 770 in
1277 743 1378 780 Bezug
1399 743 1452 770 auf
1468 742 1516 770 die

187 782 426 817 Silbenzahlung.
444 798 479 802 —
495 780 548 816 212,
563 781 638 810 fehlt
653 781 688 810 E.
704 796 738 800 —
755 781 806 816 4a,
822 779 840 808 2
855 782 936 810 salus
950 782 983 809 B.
1020 780 1073 811 61).
1104 783 1151 809 An
1167 782 1264 820 dieser
1279 781 1404 810 Klausel
1418 781 1517 809 fehlen

188 821 260 847 zwei
276 820 384 855 Silhen,
408 821 639 856 merkwiirdiger
651 820 753 848 Weise
774 819 850 847 auch
869 821 902 847 in
922 821 974 848 der
987 820 1145 856 folgenden
1161 821 1402 857 Uberarbeitung
1422 819 1517 847 dieser

184 859 241 886 Pro
253 868 283 886 ze.
308 875 343 879 —
363 857 416 894 Sb,
438 859 457 887 4
476 861 509 886 ut
530 859 717 887 observemus
738 858 799 886 ΒΕ.
821 874 858 879 —-
879 856 929 893 9a,
953 856 968 886 1
987 859 1030 887 Ut·
1050 859 1135 887 salva
1158 859 1188 886 B.

185 1070 245 1102 2a.

187 1268 243 1302 δα.

189 1421 244 1452 4a.

187 1574 241 1606 5a.

187 1727 244 1758 ea.

185 1926 239 1958 7a.

183 2079 242 2111 8a.

625 950 693 983 262.
727 951 825 983 Prosa
845 950 1060 983 Dominiealis.

692 1012 724 1045 1.
750 1011 946 1046 Benedictus
974 1022 1016 1054 es,

271 1069 418 1108 Domine,
443 1069 531 1101 Deus

271 1119 400 1157 patrum
423 1120 614 1159 nostrorum,

269 1168 301 1196 et
325 1164 499 1197 laudabilis

269 1215 364 1251 atque
388 1212 555 1253 gloriosus.

270 1268 318 1300 Te
342 1270 511 1301 adoramus

272 1318 398 1355 patrem
425 1319 457 1348 et
475 1316 576 1349 filium

273 1366 305 1395 et
328 1364 476 1403 spiritum
502 1368 655 1396 sanetum.

272 1421 322 1452 Tu
346 1429 379 1453 es
402 1429 496 1453 verus
521 1421 608 1453 Deus

270 1468 355 1500 solus
382 1470 414 1500 et
438 1468 627 1501 invocabilis

269 1518 301 1547 et
324 1516 504 1548 immensus.

271 1573 529 1614 InaestimabiliS‚

266 1621 448 1661 invisibilis

265 1668 558 1709 incircumscriptus
570 1681 577 1710 3

270 1725 397 1766 Ubique
422 1728 517 1766 totus,

265 1773 382 1813 ubique
406 1782 569 1815 praesens,

266 1820 473 1853 ineffabiliter

266 1872 380 1901 cuncta
403 1874 596 1911 penetrans;

267 1926 292 1958 Ο
318 1926 483 1958 adorande

264 1973 409 2012 Domine,
436 1975 689 2008 misericordiam
713 1978 801 2008 tuam

266 2029 431 2054 exoramus
458 2022 581 2065 devote,

267 2077 369 2110 Aufer
392 2088 413 2110 a
438 2080 541 2121 imbrs,

266 2134 465 2167 quaesumus,
491 2127 618 2160 trinitas
644 2132 765 2169 sancta,

263 2174 349 2206 mala
372 2174 558 2216 praeterita,

265 2222 449 2261 praesentia
474 2226 569 2263 atque
594 2221 712 2256 futura.

876 1270 937 1304 3b.

879 1575 939 1609 5b.

874 1929 931 1962 71).

873 2082 933 2116 8b.

880 1071 940 1104 213.
962 1071 1049 1103 Ante,
1074 1071 1181 1103 omnia

961 1119 1091 1151 saecula
1116 1118 1305 1151 benedictus

960 1175 994 1198 es
1018 1176 1053 1199 in
1078 1176 1186 1198 omma

959 1223 1058 1254 opera
1084 1217 1146 1247 tua.

961 1271 1008 1302 Te
1030 1271 1250 1303 benedicimus

959 1322 1056 1359 atque
1081 1320 1251 1352 adoramus

960 1369 991 1397 et
1017 1366 1243 1407 glorificamus

927 1448 933 1454 .
957 1422 1007 1455 Tu
1031 1432 1063 1456 es
1088 1423 1283 1464 adorandus,

962 1471 1123 1512 colendus,
1152 1472 1336 1504 tremendus

960 1522 989 1550 et
1016 1519 1218 1552 venerandus
1229 1531 1238 1560 ς

964 1576 1077 1608 Omnia
1104 1576 1280 1611 continens,

960 1625 1068 1656 omnia
1091 1632 1216 1666 regens,

959 1673 1065 1704 omnia
1090 1671 1291 1713 gubernan53

927 1754 933 1760 .
957 1728 1057 1761 Totus
1082 1729 1116 1761 in
1142 1730 1241 1770 coelo,

957 1779 1042 1809 totus
1066 1777 1100 1809 in
1126 1781 1215 1810 terra

956 1833 1147 1865 semperque

957 1875 1043 1905 totus
1067 1873 1196 1914 ubique.

958 1930 1079 1963 Tribue
1103 1930 1196 1963 nobis

958 1978 1050 2019 larga
1074 1979 1255 2019 clement-ia,
1281 1984 1319 2011 ut
1342 1979 1511 2013 laudemus

958 2029 991 2057 te
1016 2035 1075 2066 per
1102 2030 1217 2059 cuncta
1242 2027 1381 2061 saecula.

959 2082 1108 2115 Concede
1132 2084 1225 2116 nobis

958 2132 1060 2172 patris
1086 2132 1188 2164 nostri
1211 2132 1382 2165 Benedicti

958 2180 1049 2219 sequi
1073 2180 1220 2220 vestigia,

953 2226 1159 2260 observemus
1183 2230 1360 2269 praecepta
1383 2232 1447 2262 tua.

644 2282 675 2314 9.
700 2280 745 2313 Et
769 2280 821 2313 fac
845 2291 903 2315 nos
930 2283 1096 2316 celebrare

702 2329 814 2362 laudes
838 2331 872 2363 in
898 2332 972 2364 aula

703 2380 817 2410 sancta
840 2378 1021 2412 Jerusalem

705 2434 776 2457 eum
802 2426 948 2460 omnibus
973 2428 1102 2462 sanctis
