1655 2637
256 261 311 295 52.

258 704 314 738 6a.

257 1001 313 1034 7a.

258 1296 313 1329 8a.

256 1640 313 1672 9a.

234 2031 313 2063 10a.

759 182 804 187 -—
854 161 922 197 178
971 181 1019 185 —

943 258 1003 293 5b.

340 260 501 302 Suscipias

335 309 402 349 jam
426 310 542 342 devota

335 366 467 398 precum
491 357 653 395 libamina,

335 405 497 438 Martialis

337 463 417 494 quae
441 458 546 486 turma
570 453 756 486 harmonica

336 502 522 534 resultando
548 502 618 542 lyra

339 550 381 582 ad
405 550 481 589 alta,
511 549 647 591 Christe,
673 552 730 582 tua

338 606 377 630 ae
400 600 532 638 precata

336 646 456 686 promit
483 646 599 678 sidera.

339 702 519 735 Monastica

336 751 456 791 plaude
482 753 619 790 caterva,

337 798 521 832 Martialem
546 807 671 836 sonanS,

337 846 521 879 Martialem
545 855 660 887 rogans

339 894 449 926 debita

335 943 549 982 persolvendo
574 942 794 982 hyperlydica.

338 999 390 1032 Da
414 997 530 1031 festiva

337 1055 415 1079 voce
440 1047 581 1078 carmina

335 1095 398 1127 rite
422 1097 602 1134 patronum,
627 1094 800 1135 ,aquitana

336 1143 503 1182 proprium
525 1142 592 1181 jam
621 1142 735 1175 devota

337 1189 444 1221 ferens
471 1190 617 1222 laudibus

338 1246 435 1278 super
460 1238 591 1269 aethera

338 1295 487 1327 Altisona

337 1351 410 1382 ergo
437 1342 560 1374 cantica

336 1390 414 1422 talia
439 1390 620 1429 rhythmica

336 1446 421 1469 nunc
445 1447 530 1469 nunc
554 1446 720 1470 camoenas

337 1485 449 1525 addaS,
477 1494 557 1525 quae
579 1488 734 1518 concentu

335 1533 470 1572 lyricam
495 1536 645 1565 resonent

337 1581 400 1612 rite
423 1581 585 1613 musicam.

338 1637 427 1679 Ergo
451 1640 592 1678 precata,

335 1686 474 1726 praesul,
498 1689 617 1724 nostru,

337 1733 448 1774 perfer
470 1734 505 1765 in
529 1737 617 1766 astra
643 1734 761 1767 coelica

339 1781 464 1814 Christo
488 1782 630 1822 propria,

339 1838 420 1869 quae
444 1829 506 1861 sibi
529 1830 690 1870 placeant⁴

340 1877 419 1909 dans
445 1878 600 1909 scelerum

337 1925 556 1965 improborum
579 1927 706 1959 veniam

337 1975 394 2005 tua
417 1974 529 2013 gratia.

339 2029 405 2062 Ubi
431 2031 569 2062 concinit
593 2032 737 2072 angelica

340 2077 452 2110 cohors
479 2079 679 2118 conjubilans

341 2126 494 2157 coelicum
518 2127 676 2167 alalagma

343 2173 486 2205 dindima

339 2221 504 2261 praecelsa

339 2277 492 2301 resonans
518 2270 552 2301 in
577 2270 688 2303 aethra

339 2317 562 2349 melodemata.

944 700 1003 734 6b.

943 996 1001 1030 7b.

943 1293 1001 1327 8b.

944 1639 1002 1673 9b.

922 2033 1006 2067 101).

1028 258 1191 299 Aquitana

1024 307 1105 338 haec
1128 307 1262 346 precata

1025 354 1232 387 Lemovicum
1257 353 1316 394 pia,

1025 402 1192 435 laudantia

1026 454 1198 491 patronum
1222 448 1353 482 festalia

1024 508 1085 539 per
1111 498 1329 530 celeberrima.

1027 555 1107 587 quae
1132 549 1238 578 mente
1260 546 1329 586 J'am
1356 545 1472 577 devota

1025 597 1222 627 venerantur

1027 652 1065 675 ac
1088 642 1275 675 humillima.

1023 700 1198 732 Lemovica

1025 748 1071 780 sic
1096 748 1189 788 plebs
1214 748 1335 780 resulta

1024 796 1171 828 Martiali
1195 805 1289 835 nova²

1025 843 1172 876 Martiali
1197 847 1252 876 tuo

1026 891 1168 923 carmina

1027 939 1249 979 concrepando
1276 938 1488 979 hypodorica.

1024 996 1171 1037 Namque
1195 996 1286 1036 signa

1025 1045 1223 1085 apostolatus

1023 1093 1106 1124 sacri
1133 1093 1181 1124 sic
1206 1095 1313 1124 exstas
1340 1092 1410 1131 ejus
1436 1091 1530 1132 alma,

1025 1140 1146 1172 domita
1172 1139 1299 1172 Christo
1325 1139 1409 1171 colla

1024 1188 1165 1220 subdens
1192 1188 1324 1220 credula

1024 1236 1126 1268 verba
1149 1244 1209 1276 per
1234 1244 1338 1268 sacra.

1024 1294 1226 1334 Hydraulica

1023 1342 1109 1373 mela
1132 1342 1269 1375 reboans

1024 1390 1168 1430 praesuli
1194 1397 1352 1429 concrepa

1021 1438 1089 1478 J'am
1113 1437 1261 1470 Martiali

1024 1494 1125 1517 necne
1150 1486 1314 1526 Aquitana

1024 1534 1209 1566 venerando
1235 1532 1310 1565 fave

1025 1582 1185 1622 plaudens
1213 1584 1351 1614 caterva.

1024 1639 1120 1671 Hanc
1144 1640 1351 1679 impetratam

1024 1687 1117 1719 nobis
1143 1686 1243 1728 feras,

1028 1744 1090 1775 quo
1117 1736 1316 1767 celebrantes
1342 1736 1460 1777 gaudia

1029 1782 1106 1816 festi
1129 1784 1220 1815 rutili

1027 1835 1140 1871 optata
1163 1832 1264 1872 potiri

1027 1888 1067 1912 ac
1090 1880 1226 1912 solemni

1027 1937 1208 1961 mereamur
1232 1927 1359 1969 perfrui

1028 1977 1121 2017 regni
1146 1977 1259 2018 gloria.

1031 2033 1179 2066 Laetaris
1205 2035 1262 2067 ubi
1285 2036 1321 2067 in
1346 2036 1460 2077 gloria,

1027 2083 1169 2122 praesul.
1198 2091 1269 2115 cum
1296 2083 1470 2117 Cherubim

1028 2139 1068 2162 ac
1092 2130 1263 2172 Seraphim
1287 2132 1383 2166 beata

1029 2179 1156 2219 agmina

1029 2228 1081 2258 ter
1105 2231 1218 2260 sancta

1033 2274 1172 2307 dulciter
1197 2277 1340 2310 carmina

1033 2322 1159 2356 Christo
1188 2325 1307 2357 dantia.

645 2376 700 2409 11.
728 2377 795 2416 Quo
820 2378 914 2410 nobis
939 2380 1049 2412 sedem
1073 2380 1203 2414 beatam

727 2425 877 2465 precibus
902 2428 1003 2459 sacris
1028 2429 1167 2469 impetra

729 2482 768 2506 ac
791 2474 880 2514 pium
904 2476 1058 2517 Alleluja.
