1655 2637
228 244 287 277 4a.

233 501 287 533 5a.

235 897 291 929 6a.

239 1198 296 1229 7a.

238 1546 296 1578 Sa.

243 1894 297 1928 9a.

223 2194 303 2228 lea.

736 146 996 181 —142-—

315 243 392 277 Cum
419 248 502 276 esset
526 253 604 278 aevo
628 244 747 277 indolis

312 292 346 324 in
368 292 532 333 primaevo
555 292 634 326 flore

311 340 500 373 incanuerat
524 342 628 373 animo

313 389 346 421 in
371 389 493 421 recenti

311 437 469 471 tirociniO.

315 499 339 532 O
366 493 437 542 ἅγιε

314 547 499 587 Benedicte‚
524 546 707 579 inclitorum

313 603 443 635 summe,
469 595 584 636 quique

312 647 419 675 mente
443 643 540 675 avida

314 692 475 723 internum
487 691 699 731 inspectorem
713 691 834 731 sitiens,

318 739 435 770 amictu

315 790 427 818 exutus
454 786 673 819 cruentabaris
698 786 783 819 inter

315 834 461 875 <lunieta3

317 896 390 928 Tibi
417 900 530 928 cuncta
554 896 666 929 mundi

316 944 464 976 machina

318 995 412 1024 nocte
435 991 626 1032 intempesta

317 1039 420 1071 instar
444 1039 502 1071 sub
530 1040 654 1072 Titanis

316 1088 445 1127 speculo
471 1088 650 1120 ostenditur
674 1098 806 1128 prorsus

319 1135 462 1167 collecta.

321 1196 416 1235 Fare,
444 1205 510 1239 age,

318 1244 429 1276 schola
454 1253 580 1279 canora,

320 1292 445 1325 Christo
473 1301 598 1325 cernua.

319 1348 426 1372 sacras
450 1340 562 1371 laudes

318 1387 493 1419 Benedicto
519 1388 676 1427 theologo.

319 1434 541 1467 laudabillima

323 1483 375 1515 (lic
398 1483 580 1523 praeconia.

324 1544 449 1585 Sophus
474 1545 645 1585 sophorum

322 1596 356 1624 tu
376 1593 509 1632 sophiae

322 1642 506 1681 angelorum
530 1650 669 1682 consors,

324 1688 503 1729 virtuteque

325 1745 454 1777 compar
478 1738 705 1777 apostolomiih

322 1783 539 1817 confessorum
563 1793 657 1826 apex!

322 1832 445 1865 meritis
470 1833 615 1865 rutilans.

327 1894 467 1935 Cumque
493 1896 638 1928 examine
662 1905 810 1936 supremo

325 1951 437 1975 censor
462 1952 627 1975 censorum

324 1991 492 2030 majestate
515 1992 717 2031 splenduerit

328 2047 503 2080 corruscus,

327 2086 413 2118 orbis
438 2089 473 2118 ut
500 2087 650 2119 discutiat

328 2133 522 2166 damnabilia
549 2135 691 2176 crimina,

327 2195 416 2236 Ergo
441 2205 498 2228 nos
522 2199 595 2229 tuos
622 2197 789 2231 clientulos

329 2244 452 2284 agnitos
476 2247 581 2277 tecum

327 2300 504 2333 mansuros,

328 2338 381 2371 fac
404 2343 439 2372 ut
465 2341 616 2374 ade-amus
641 2342 747 2380 ovilia,

330 2387 385 2419 ubi
412 2387 530 2428 dogunt
546 2389 773 2422 monachorum
798 2399 852 2432 ag-

622 2447 719 2472 mina.

916 244 977 278 412.

921 894 982 928 6b.

922 1195 981 1228 Π).

926 1543 984 1576 812.

931 1895 992 1928 eb.

910 2197 993 2231 101).

1001 243 1062 283 Qui
1087 244 1190 283 patris
1215 247 1325 283 spreta
1353 243 1459 276 omnia

1000 291 1217 331 supellectilia

1000 334 1245 383 ἀναχωρήσεως
1269 344 1382 380 petens

1001 388 1190 429 cluebatque

1000 436 1203 468 anachoreta.

972 522 979 528 .
1002 498 1052 529 Tu
1075 496 1205 530 flamine

1002 549 1188 578 cunctorum
1215 545 1472 578 christicolarum

1000 591 1105 625 fartus
1131 597 1277 626 sternens

1000 646 1150 681 potenter
1174 641 1315 681 hydrum

1002 689 1187 722 zabulorum
1201 690 1328 730 pellens
1340 689 1527 730 praestigia,

1001 738 1166 777 praescius

1001 783 1194 825 futurorum,
1222 785 1348 826 agnitor
1374 785 1518 817 cordium

1002 841 1130 866 arcana.

1004 893 1167 926 Momento
1194 895 1399 934 postmodum

1002 942 1129 974 modico

1004 993 1133 1021 exutum
1159 998 1293 1029 corpore

1006 1036 1203 1069 Germanum
1227 1039 1410 1077 praesulem

1005 1085 1158 1117 cernebas
1183 1090 1313 1117 nantem
1330 1087 1372 1119 ad
1391 1095 1531 1127 superna

1005 1133 1114 1173 adyta.

1003 1194 1141 1235 Jamjam
1168 1195 1257 1227 chori

1005 1243 1189 1275 alternatim

1006 1290 1106 1322 melos
1131 1291 1263 1332 pangite

1006 1337 1198 1378 hymnifiuos

1007 1388 1258 1427 categorizantes
1284 1389 1403 1420 cratini

1007 1435 1236 1474 symphoniaca

1007 1482 1233 1516 modulamina.

1008 1542 1051 1576 Co
1055 1544 1255 1577 enobitarum

1007 1600 1121 1631 gerens
1146 1597 1285 1633 sceptra.

1011 1639 1125 1679 quibus
1151 1641 1264 1674 vitalia

1013 1688 1204 1721 condideras

1010 1737 1132 1768 monita
1156 1741 1206 1770 sat
1234 1737 1346 1770 docilis

1012 1785 1265 1817 custodientibus

1013 1840 1051 1863 ac
1075 1833 1239 1867 salutaria.

1016 1895 1041 1928 O
1066 1896 1254 1939 Benedicte‚
1280 1903 1375 1939 pater
1399 1904 1537 1942 patrum,

1013 1946 1045 1975 te
1072 1950 1277 1978 corruscante

1014 1992 1178 2025 schemate
1202 1997 1283 2027 tunc
1304 1996 1451 2037 genuino,

1015 2044 1199 2073 nostrorum

1014 2091 1170 2127 patronus
1196 2093 1380 2131 agnoscaris

1017 2139 1048 2167 et
1073 2136 1168 2170 heros
1195 2142 1270 2170 ante
1295 2140 1411 2173 omnia.

1016 2197 1089 2231 Jam
1112 2199 1309 2233 harmonicis
1336 2203 1503 2236 cantilenis

1016 2255 1121 2286 paene
1146 2249 1267 2281 exactis

1017 2303 1199 2337 precamur,

1018 2347 1053 2375 ut
1079 2345 1195 2377 exituri
1221 2354 1240 2377 a
1264 2347 1393 2379 saeculo

1022 2393 1222 2432 reperiamur
1234 2397 1323 2426 tua-m
1333 2396 1544 2431 clementiam.
