1655 2637
661 91 902 127 -95,-

567 185 610 218 81.
631 185 668 218 In
687 184 769 218 festo
792 185 1001 218 Pentecostes.

115 256 175 290 1a.
202 257 383 298 Praecipua
408 256 513 303 aderit
541 258 634 291 nobis

201 306 289 338 salus
316 306 468 339 continua
489 305 576 338 festa

116 363 172 395 2a.
199 362 286 395 Laus
314 361 373 407 [et]
401 364 504 397 honor
528 364 592 396 erit

201 414 314 443 nostra
337 411 452 454 gloria7

205 458 384 500 Sequemur

203 506 325 540 Christi
348 507 377 540 si
401 505 501 552 ve[re]
528 508 673 551 vestigia,

199 564 317 597 magna
339 555 447 596 pietas
470 555 652 596 redemptio

204 606 254 635 est
276 612 363 638 vera.

120 661 177 695 32.
203 660 275 693 Nec
298 669 363 693 non
389 661 468 693 dare
491 661 609 701 vitam3
661 696 667 702 ,

203 709 330 740 sincera
353 712 462 741 mente

203 757 363 789 solvamus
388 760 474 790 vota.

120 815 178 847 4a.
204 813 252 847 Ut
276 814 447 856 dignanter

203 862 363 902 possimus
389 863 568 896 adhaerere

206 910 333 943 Christo
358 913 454 951 atque

204 959 384 998 adimplere
410 959 520 991 debita
545 960 661 990 cuncta

119 1016 176 1048 5a.
204 1015 261 1057 Te,
290 1016 427 1056 Christe,

204 1072 406 1103 quaesumus,
431 1063 544 1103 accipe

202 1114 278 1143 vota
301 1114 422 1152 nostra,

119 1170 177 1203 δα.
203 1168 258 1200 Ad
284 1169 436 1200 coelestia
460 1177 541 1208 quae
567 1168 656 1201 ducit

201 1215 315 1249 fideles
340 1225 450 1257 regna,

815 258 873 292 1b.

815 364 873 397 2b.

816 661 876 695 3b.

816 814 876 849 4b.

816 1016 876 1049 5b.

817 1169 876 1203 eb.

897 258 1009 298 Sitque
1030 258 1174 299 Jucunda
1198 257 1351 291 videlicet

897 315 1025 347 semper
1047 309 1143 347 atque
1168 303 1355 350 decora[ta].

898 364 923 397 O
946 363 1034 397 Deus
1061 365 1188 404 caritas,

900 409 1025 455 (etiam)
1054 420 1149 445 carne
1173 412 1313 444 humana

896 460 1055 502 Dignatus

899 504 978 552 [est]
1004 508 1164 541 redimere
1188 506 1332 540 facinora

898 558 933 587 et
956 564 1071 588 curare
1093 557 1207 588 nostra
1231 555 1351 587 delicta

896 604 1016 644 injusta

898 661 1105 694 Exsultemus
1132 669 1207 701 ergo

895 718 1044 750 promere
1069 709 1163 741 simul

898 757 1011 791 laudes
1036 760 1193 792 aeternas,

899 815 950 847 Ac
975 815 1113 855 <lenique

897 863 1017 895 sociari
1040 864 1158 904 gaudia

898 910 1021 951 inclita,
1049 912 1102 951 qui

898 961 1002 991 morte
1027 959 1166 991 redemit
1189 967 1248 992 nos
1276 956 1344 1001 [ab]
1367 961 1448 992 atra.

897 1015 943 1048 Ut
967 1015 1046 1048 laeti

897 1064 1051 1096 adeamus
1074 1066 1132 1096 tua

898 1111 971 1144 loca
994 1120 1137 1144 amoena.

899 1168 978 1201 Sine
1001 1168 1065 1201 fine
1089 1171 1199 1202 manet
1224 1171 1337 1209 estque

898 1225 1027 1258 semper
1050 1219 1210 1249 mansura.

191 1282 216 1311 B
237 1283 288 1311 fol.
311 1280 366 1311 188
386 1282 415 1310 b.
435 1297 474 1302 ——
492 1283 520 1310 Ε
540 1282 590 1311 fol.
612 1281 668 1310 297
686 1291 712 1311 a.
733 1297 772 1301 —
793 1280 844 1317 aa,
866 1282 886 1311 4
907 1284 970 1311 sive
988 1283 1031 1319 E;
1053 1282 1128 1311 fehlt
1146 1283 1181 1310 B.
1215 1282 1279 1311 Das
1299 1282 1452 1311 Versmars

117 1322 202 1350 kann
228 1321 384 1350 desselben
403 1321 488 1349 nieht
507 1323 651 1350 entraten.
675 1337 713 1341 —
735 1319 794 1357 212,
822 1320 840 1350 6
861 1321 1011 1357 injustitia
1031 1322 1064 1350 B.
1084 1338 1124 1342 —
1142 1320 1205 1356 4l2,
1231 1319 1249 1349 3
1271 1330 1328 1359 que
1351 1322 1411 1350 BE.

558 1414 607 1446 32.
627 1414 664 1448 111
683 1415 765 1447 festo
785 1415 996 1447 Pentecostes.

594 1488 627 1521 1.
654 1486 750 1520 Orbis
777 1487 925 1520 conditor

654 1543 821 1576 regressus
848 1538 898 1567 est

650 1583 686 1615 'm
710 1583 783 1617 sinu
806 1584 922 1624 patris,

116 1644 178 1677 22„
205 1640 371 1675 Promissa
394 1648 529 1672 munera

206 1688 285 1721 dare
309 1688 413 1728 patris
439 1689 544 1729 gratia

117 1750 178 1782 3a.
204 1745 337 1787 Rogabo
362 1748 490 1787 patrem

202 1803 319 1835 meum,
346 1794 444 1827 alium

206 1843 299 1877 dabit
321 1842 414 1875 vobis

202 1891 407 1934 paraclitum.

115 1953 176 1987 4a.
202 1950 248 1984 Et
274 1959 343 1983 cum
371 1950 609 1992 complerentur
635 1949 704 1983 dies

201 2001 405 2041 pentecostes

205 2051 298 2081 erant
324 2056 433 2080 omnes
457 2047 583 2089 pariter

114 2108 174 2142 5a.
201 2106 254 2140 De
281 2106 369 2139 coelo
397 2104 503 2139 factus

202 2158 253 2189 est
276 2154 383 2188 subito

198 2213 296 2237 sonus
321 2206 483 2244 tamquam

197 2257 338 2295 torrens,
363 2252 505 2293 replevit

198 2302 332 2344 spiritus

193 2354 297 2385 totam
322 2351 462 2392 domum,
488 2350 546 2383 ubi

197 2403 291 2433 erant
314 2400 476 2434 sedentes.

816 1641 876 1674 2b.

816 1747 875 1781 ab.

813 1950 875 1985 4b.

814 2106 874 2140 5b.

899 1640 945 1673 Et
969 1641 1088 1674 almum
1113 1641 1273 1683 spiritum,

899 1689 995 1722 sicuti
1018 1690 1245 1729 praedixerat:

898 1746 944 1779 Et
970 1755 1042 1779 cum
1065 1747 1203 1789 venerit,

899 1798 1013 1836 arguet
1036 1796 1192 1829 mundum

902 1844 943 1876 de
967 1843 1103 1877 sordida

898 1890 1053 1928 facinora.

897 1950 1060 1992 Discipuli
1084 1951 1155 1984 loco
1182 1961 1245 1985 uno

899 2002 1123 2041 exspectantes

895 2048 1057 2090 promissa
1080 2049 1328 2089 triumphantes

900 2107 989 2148 Ignis
1016 2107 1149 2140 advenit

898 2155 1026 2188 divinus

895 2213 958 2238 non
986 2205 1187 2247 comburenS,

894 2253 1091 2293 illuminans,
1117 2262 1179 2286 nec

897 2310 1085 2336 consumens

895 2351 955 2384 sed
979 2352 1104 2395 lucens,
1129 2351 1247 2385 tribuit

896 2401 1101 2434 carismatum
1128 2401 1220 2436 dona.
