1655 2637
694 84 956 120 —183—

186 181 242 216 9a.
269 181 359 214 Dans
386 182 505 216 Christi
530 183 653 216 semina
881 183 940 218 9b.
962 183 1161 225 Dispergens
1185 183 1274 216 idola

268 230 457 264 Lemovicas
476 230 621 274 firmasti,
961 231 1179 273 Fundansque
1204 232 1382 270 ecclesiam,

269 278 353 311 bone
377 283 489 320 pastor
513 280 687 320 Martialis,
961 280 1131 313 confirmas
1157 288 1226 312 eam
1251 289 1349 320 supra

269 327 488 367 pontificalem
963 329 1089 362 firmam
1116 332 1252 368 petram,

272 374 438 408 sacratam
466 376 661 409 cathedram.
962 376 1130 409 Roborans
1154 376 1188 408 in
1213 376 1350 408 saecula.

162 440 249 474 ma.
273 441 325 474 De
350 452 415 482 qua
436 443 577 483 primum
601 443 756 484 virginem
855 444 900 478 10
909 443 941 477 b.
964 443 1093 476 Christo
1117 442 1235 476 misisti
1260 451 1410 482 sponsam

272 489 436 522 Valeriam
462 494 621 523 sacratam
962 492 1148 523 rutilantem
1170 495 1206 523 ut
1230 500 1346 525 rosam.

162 555 204 588 11
217 565 247 587 a.
272 555 360 588 Hinc
384 566 539 590 revocans
856 558 897 591 11
909 558 941 592 b.
962 559 1027 591 Pro
1054 567 1114 598 quo
1139 558 1242 600 magis

273 604 387 636 ducem
413 605 611 644 Stephanum
963 607 1183 638 infirmaretur

267 652 504 692 Aquitanorum
963 655 997 686 in
1024 654 1133 687 Gallia

268 699 310 732 ad
338 700 459 733 Christi
484 701 579 741 atria,
962 702 1157 735 idololatria.

161 766 242 800 12a.
268 767 427 806 Agnoscit
856 768 939 802 1212.
964 769 1170 802 conlaudans

268 823 339 847 cum
366 816 447 849 duce
469 816 564 848 simul
589 816 753 851 Christum
959 817 1026 857 jam
1051 817 1156 850 libera
1179 816 1267 849 faeta
1291 817 1325 849 in

266 863 369 895 omnis
394 864 581 905 Aquitania,
963 874 998 897 se
1025 867 1093 906 ejus
1117 865 1281 906 magnalia

160 929 238 964 13a.
268 930 339 962 Tua
367 930 465 963 dante
493 932 608 971 gratia.
855 933 898 966 13
910 931 942 964 b.
966 931 1034 964 Nos
1062 932 1181 964 ducens
1207 932 1249 963 ad
1275 932 1418 972 aethera,

270 978 418 1019 Oramus,
446 987 464 1012 o
489 983 611 1019 pastor,
961 979 1104 1021 Jungens
1129 980 1271 1012 uranicis

265 1026 395 1066 suscipe
962 1028 1085 1060 civibus

261 1074 328 1114 jam
354 1077 467 1107 nostra
492 1076 635 1107 carmina
961 1076 994 1108 in
1021 1078 1153 1108 aeterna
1179 1076 1292 1116 gloria,

266 1122 401 1155 Solvens
426 1124 539 1155 nostra
564 1122 719 1164 facinora,
961 1123 1034 1156 Non
1067 1126 1202 1164 propter
1226 1127 1338 1156 nostra
1361 1124 1486 1164 merita,

155 1188 236 1222 Ma.
265 1188 331 1222 Sed
356 1198 418 1229 pro
443 1189 514 1222 sola
538 1191 709 1222 salvatoris
854 1189 938 1224 141).
961 1189 1021 1229 Qui
1046 1190 1133 1222 solus
1156 1191 1262 1231 justus
1287 1194 1320 1223 et
1342 1195 1416 1232 pius

267 1237 371 1269 dulcis
399 1238 578 1278 clementia,
963 1241 1012 1270 est
1032 1247 1130 1278 super
1155 1239 1271 1271 omnia.

154 1303 197 1338 15
208 1313 237 1338 a.
264 1304 332 1344 Quo
361 1308 467 1337 tecum
493 1305 571 1337 laeti
596 1306 759 1339 valeamus
853 1306 895 1339 15
905 1305 935 1337 b.
960 1306 1164 1338 Incessanter
1191 1307 1363 1339 decantare

264 1354 333 1393 ejus
359 1354 536 1393 praeconia
959 1363 1039 1386 voce
1061 1363 1189 1394 semper
1215 1354 1303 1387 clara

538 1413 593 1446 16.
621 1411 716 1443 Nunc
741 1411 912 1452 psallendo
938 1412 1093 1453 Alleluja.

230 1477 254 1504 P
274 1477 325 1505 fol.
349 1476 403 1506 166
425 1486 451 1505 a.
473 1493 510 1497 —
533 1476 591 1512 412,
614 1475 631 1504 2
659 1477 860 1506 tabernacula.
882 1492 919 1497 —-
941 1477 994 1514 51³,
1018 1477 1030 1506 1
1056 1478 1135 1507 Eine
1155 1478 1240 1507 silbe
1258 1479 1462 1518 iilierzi‘ihljg.-

152 1514 207 1550 710,
232 1515 252 1543 4
272 1517 339 1545 eine
360 1516 442 1544 Silbe
463 1524 501 1543 zu
520 1518 626 1554 wenig.
649 1531 684 1535 —-
706 1517 761 1552 bb,
783 1513 801 1544 3
823 1518 855 1544 in
876 1516 1014 1545 Galliam.
1038 1532 1078 1537 —-
1098 1515 1149 1552 9a,
1171 1516 1189 1546 3
1212 1519 1276 1546 eine
1294 1518 1375 1547 silbe
1391 1519 1485 1547 Uber-

153 1552 270 1589 schuss;
293 1553 344 1589 9a,
366 1554 386 1582 4
405 1555 476 1589 dito,
499 1555 570 1583 aber
591 1554 642 1589 9³7
664 1554 681 1583 5
704 1557 771 1583 ciue
790 1564 829 1583 zu
847 1556 954 1591 wenig„
976 1556 1107 1584 obsehon
1128 1556 1191 1585 dies
1206 1558 1253 1585 ein
1269 1557 1485 1594 selbsti‘mdiges

151 1592 281 1621 Kmnma
301 1595 350 1621 ist.
371 1608 410 1613 -—
431 1591 509 1625 10a,
534 1593 548 1621 1
570 1593 722 1622 Valeriam
743 1595 884 1630 inginem.
905 1609 944 1615 -—-
966 1594 1043 1630 1012,
1070 1593 1088 1622 2
1111 1604 1153 1631 sq.
1180 1597 1213 1623 in
1233 1595 1334 1624 Gallia
1355 1595 1485 1624 infirma-

151 1635 241 1660 retur.
265 1649 303 1652 —
326 1630 402 1667 121),
431 1631 449 1660 2
473 1634 538 1660 insc
557 1633 644 1660 facta.
664 1648 704 1653 —
726 1631 798 1667 141³,
831 1632 846 1661 1
871 1634 929 1668 Qui
951 1634 1031 1661 ’olus
1053 1636 1105 1662 est.
1128 1649 1167 1653 -
1187 1635 1246 1663 Die
1265 1635 1356 1662 Pro-se
1378 1635 1487 1662 weit-ht

156 1679 212 1698 von
230 1671 310 1699 ihrer
323 1670 565 1707 Stammscquenz
579 1671 708 1708 Fulgens
730 1672 885 1708 praeclara
903 1675 935 1701 in
950 1673 1094 1700 manahen
1111 1673 1250 1701 Punkten
1271 1674 1307 1701 ab
1328 1673 1389 1702 und
1408 1675 1490 1710 triigt

152 1710 269 1745 Spin-en
290 1710 341 1738 der
361 1710 606 1747 Nachlfissigkeit
626 1710 695 1738 oder
716 1709 934 1739 Verderbtheit.

595 1803 657 1836 166.
690 1804 733 1837 De
755 1805 863 1837 sancto
884 1804 1039 1837 Martiali.

154 1873 212 1908 la.
243 1874 510 1908 Concelebremus
536 1885 660 1909 sacram
851 1877 910 1911 lb.
934 1877 974 1909 In
1000 1886 1063 1918 qua
1088 1881 1163 1910 cunt
1187 1878 1329 1911 resoluta

237 1923 332 1964 hujus
360 1924 424 1957 diei
934 1926 1063 1966 pulchri
1090 1927 1234 1967 corporis

240 1973 437 2013 euprepiam,
935 1972 1043 2007 fausta
1069 1975 1209 2009 climata.

153 2033 210 2065 Za.
238 2031 324 2064 Hinc
349 2032 493 2070 pretiosa
848 2033 907 2067 ab.
932 2031 1071 2073 Spiritus
1098 2036 1196 2074 astra,

237 2079 333 2120 probi
357 2079 521 2112 Martialis
546 2084 642 2120 meta,
931 2082 1078 2115 membra
1099 2084 1354 2123 complectuntur
1379 2092 1469 2118 arva.

151 2140 209 2173 3a.
236 2138 308 2172 Poli
334 2138 541 2171 vindicarunt
566 2149 623 2172 sua
848 2140 908 2174 3b.
931 2139 1057 2181 Simpla
1078 2141 1150 2173 usia
1175 2142 1225 2175 bis
1252 2150 1346 2175 caesa

233 2186 352 2220 similia
933 2189 1100 2231 stelligera

233 2244 371 2276 namque
395 2236 459 2268 sibi
483 2236 578 2269 arida
930 2237 1008 2270 sede
1033 2248 1072 2271 ac
1096 2236 1258 2280 florigera.

147 2297 205 2330 4a.
233 2295 321 2328 Hinc
346 2295 459 2335 claret,
488 2295 576 2327 coelo
602 2295 741 2328 animam
846 2296 905 2330 4b.
930 2294 985 2328 Sic
1008 2306 1075 2330 una
1099 2297 1247 2330 coeuntia

231 2353 302 2377 esse
327 2344 474 2384 petitam,
499 2344 597 2377 terris
933 2344 1124 2378 dicaverunt
1150 2346 1279 2389 elegans

232 2395 267 2425 et
289 2393 443 2427 tunicam.
930 2392 1002 2426 Deo
1029 2395 1137 2428 doma.
