1655 2637
145 178 204 212 4a.
232 177 403 219 spiritalia
427 180 537 222 agnita

225 229 377 259 verenter
402 227 525 261 famina

227 275 386 315 opiliones

228 323 393 356 Christum
414 325 584 366 requirunt

228 372 261 403 in
288 380 377 404 arva.

229 429 368 462 Fidibus
396 431 519 463 cunctis

226 477 411 519 rhythmica

227 526 398 559 harmonia

228 574 355 607 tinnula
380 576 530 608 concinat

230 622 357 656 cantica

230 674 262 702 et
288 669 410 703 Christi
435 671 585 704 nat-alitia

228 719 339 759 lingua
365 719 455 752 clara

229 767 359 808 clangat
384 770 417 799 et
441 775 531 800 mens
557 767 671 807 proba.

145 430 202 462 5a.

695 86 931 121 -49—

843 183 903 218 4b.
928 184 1109 218 Devotione
1138 185 1276 217 adorant

925 232 1099 265 Dominum
1125 241 1252 272 cernua,

926 283 1107 313 contectum
1134 289 1239 322 carne,

927 337 1009 361 euna
1032 329 1172 370 positum

924 377 958 408 in

843 433 901 468 5b.

984 380 1064 410 arta.

925 433 1074 467 Salvator
1098 437 1209 467 noster

926 482 979 514 die
1005 483 1066 515 hae

926 530 1070 571 virginea

924 579 1078 618 prodiens
1105 578 1146 610 de
1172 579 1246 611 aula

925 626 1058 665 emicat3

926 683 999 706 suos
1025 673 1170 706 alumnos
1193 683 1253 715 per
1276 675 1383 706 saecla

926 724 1056 755 tueatur

927 779 985 802 sua
1010 770 1189 803 clementia.

224 822 266 851 Ca
291 822 341 850 fol.
365 821 401 851 15
422 832 448 851 a.
471 840 508 845 —-
532 823 575 852 Cb
595 824 646 852 fol.
668 822 685 852 9
707 832 732 851 a.
754 840 793 844 —-
814 824 872 853 Cfr.
892 825 1015 862 Tropar.
1036 825 1227 854 Floriaeense
1248 834 1325 853 saec.
1349 825 1380 854 11
1406 825 1477 854 Cod.

143 862 289 890 Parisien.
310 862 407 889 Nouw
437 870 500 898 aeq.
524 861 597 890 1107
619 864 656 890 Σ.
677 878 715 882 -
738 860 789 897 11),
814 863 827 891 1
849 863 927 891 Nam
949 866 1021 900 quia
1040 865 1077 892 Σ.
1111 882 1135 885 -
1156 864 1215 892 Mit
1232 862 1284 898 310,
1307 862 1325 892 3
1346 865 1414 893 hort
1434 863 1477 892 Ca

144 901 198 928 auf
213 901 276 928 und.
294 899 377 928 ficihrt
391 901 433 929 Cb
456 902 476 929 1.
498 909 523 928 e.
544 901 611 929 fort.
631 917 669 922 -
691 899 744 935 3b,
759 899 777 928 3
794 904 875 930 terra
889 902 942 930 Οἱ).
962 917 999 922 -
1013 900 1065 936 31),
1087 902 1106 930 4
1122 903 1237 931 coelica
1253 903 1306 931 Ob.
1329 918 1364 922 —
1384 901 1440 936 312,
1458 902 1476 930 5

144 939 255 967 militia
274 942 374 967 turma
395 939 447 967 Cb.
470 954 507 959 ν-
527 938 580 974 4a,
601 938 619 967 2
638 942 779 968 verentur
801 940 851 969 Ob.
874 955 911 959 ——
930 940 984 977 4a,
1005 940 1023 969 5
1040 943 1072 968 in
1094 949 1165 968 arva
1185 943 1222 969 Σ.
1243 955 1280 961 —
1302 940 1320 969 5
1328 950 1354 977 a,
1375 940 1394 970 4
1409 950 1477 970 eon-

145 979 214 1005 cina
236 977 288 1006 Ob,
310 992 348 996 —
369 977 420 1013 5a,
443 977 460 1006 6
482 977 599 1006 Christo
621 980 657 1005 Σ.

617 1061 659 1093 31.
701 1061 737 1092 In
756 1060 939 1093 Nativitate
959 1061 1017 1093 DN.

652 1111 698 1148 (In
718 1113 812 1140 missa
830 1113 867 1140 de
885 1110 973 1148 luce.)

147 1171 207 1204 la.
233 1171 320 1204 Nato
347 1175 464 1203 canant
489 1171 598 1203 omnia

227 1219 365 1252 Domino
390 1219 444 1260 pie
468 1219 606 1261 agmina,

144 1278 201 1310 2a.
228 1277 319 1310 Haeo
346 1277 414 1309 dies
440 1279 578 1320 sacrata,

891 1171 949 1204 1b.

890 1277 949 1312 2b.

229 1326 262 1357 in
288 1334 351 1365 qua
375 1335 459 1358 nova
483 1328 559 1357 sunt
584 1325 702 1366 gaudia

228 1373 347 1406 mundo
372 1374 470 1415 plene
497 1373 617 1408 dedita.

228 1430 406 1463 FuISerunt
431 1435 464 1463 et
487 1430 641 1463 immania

226 1482 323 1512 noete
346 1480 457 1512 media

226 1527 413 1568 pastoribus
438 1527 570 1560 lumina.

226 1585 289 1618 Est
309 1585 466 1618 immensa

226 1634 260 1666 in
287 1634 376 1666 coelo
401 1633 505 1675 gloria

228 1690 294 1723 pax
321 1684 353 1713 et
375 1682 411 1713 in
436 1685 535 1721 terra,

228 1739 283 1772 Sic
308 1748 384 1780 ergo
411 1739 492 1772 coeli
517 1742 648 1772 caterva

227 1788 385 1821 altissime
408 1787 524 1829 Jubila‚

226 1846 326 1879 Sonet
349 1849 382 1878 et
406 1855 467 1887 per
491 1845 599 1877 omnia
659 1889 663 1895 .

225 1895 287 1927 hae
310 1894 343 1926 in
373 1895 426 1928 die
449 1894 554 1936 gloria

225 1951 304 1977 voce
332 1943 421 1976 clara
445 1942 585 1976 reddita.

145 1433 201 1465 3a.

143 1586 200 1619 4a.

143 1741 200 1775 5a.

141 1848 197 1880 6a.

221 2031 373 2064 Humana

223 2083 421 2119 concrepent
449 2081 565 2112 cuncta

221 2128 326 2161 Deum
343 2131 452 2161 natum
470 2129 505 2161 in
521 2130 620 2161 terra.

138 2189 194 2222 va.
223 2187 317 2221 Solus

220 2237 274 2278 qui
299 2236 447 2269 condidit
470 2234 598 2276 omnia3

641 2045 656 2062 *

681 2005 696 2022 *

887 1431 947 1466 3b.

888 1584 948 1618 4b.

891 1739 950 1773 5b.

890 1845 949 1880 6b.

825 1890 841 1907 »μ

786 1928 802 1945 *

735 1967 751 1983 ss

779 2007 795 2024 *

816 2045 833 2063 *

974 1171 1157 1204 Sillabatim
1182 1175 1333 1204 neumata

971 1220 1221 1261 perstringendo
1247 1221 1407 1261 organica.

971 1278 1043 1311 Hac
1068 1280 1163 1310 nocte
1188 1279 1355 1318 praecelsa

971 1325 1112 1358 intonuit
1137 1328 1168 1357 et
1194 1326 1297 1367 gloria

970 1374 1003 1406 in
1028 1382 1106 1406 voce
1130 1375 1288 1415 angelica.

969 1431 1054 1463 Dum
1081 1429 1193 1463 fovent
1216 1440 1274 1464 sua
1298 1441 1426 1475 pecora,

971 1479 1078 1512 subito
1106 1480 1183 1512 diva

971 1527 1158 1568 percipiunt
1181 1527 1312 1564 monita,

972 1585 1077 1618 Natus
1103 1585 1189 1617 alma

971 1634 1105 1675 virgine‚
1133 1634 1188 1674 qui
1214 1636 1321 1666 exstat

974 1686 1050 1714 ante
1074 1683 1213 1717 saecuia.

973 1740 1021 1773 Ut
1045 1742 1135 1772 tanto
1161 1748 1280 1773 canore
1304 1743 1423 1775 tremat

974 1789 1040 1821 alta
1065 1788 1133 1828 poli
1156 1788 1315 1822 machina.

973 1845 1148 1879 Confracta

972 1898 1049 1927 sunt
1071 1894 1210 1936 imperia

971 1943 1074 1976 hostis
1101 1943 1335 1985 crudelissima,

964 2032 1034 2064 Pax
1058 2029 1093 2063 in
1118 2031 1215 2063 terris
1242 2031 1390 2074 reddita3

964 2089 1050 2112 nunc
1072 2081 1234 2112 laetentur
1259 2080 1366 2112 omnia

962 2128 1031 2161 nati
1058 2137 1118 2170 per
1145 2127 1289 2171 exordia,

885 2187 943 2221 7b.

969 2186 1062 2220 Solus

970 2235 1025 2277 qui
1051 2237 1160 2268 tuetur
1185 2235 1301 2268 omnia.

625 2295 658 2328 8.
685 2294 762 2334 Ipse
787 2304 847 2328 sua
870 2294 993 2335 pietate

192 2454 231 2477 Dr
237 2460 249 2476 e
256 2460 271 2476 v
277 2460 289 2476 o
294 2459 306 2475 s
314 2469 321 2479 ,
335 2453 475 2477 Prosarium
488 2451 667 2476 Lemovicense.

684 2343 792 2376 solvat
816 2342 924 2376 omnia

684 2395 820 2432 peccata
844 2394 966 2425 nostra.
