1655 2637
148 835 210 866 2a.

150 940 207 973 3a.

149 1094 210 1126 4a.

145 1295 209 1328 5a.

145 1497 205 1530 fia.

148 1894 208 1929 Ta.

146 2097 205 2130 8a.

141 2300 206 2334 9a.

667 561 718 605 Π.
754 562 813 606 Do
847 562 992 606 Beata.

603 658 650 691 98.
693 658 729 690 In
748 657 927 691 nativitate
949 658 1038 691 mlv.

560 729 591 764 1.
617 729 694 762 Allo
719 731 857 762 coeleste

616 786 677 810 neo
700 786 766 810 non
790 779 822 809 et
846 786 989 818 perenne
1013 777 1081 818 luja

236 832 301 866 Dio
325 834 558 874 paraphonista

238 889 309 912 cum
333 890 423 914 mera
442 883 643 923 symphonia,

235 938 318 971 Nam
345 941 447 972 omnis
472 940 542 973 usia

235 988 319 1019 hanc
345 987 465 1020 Christi
490 987 679 1028 genitricem

242 1035 294 1066 die
319 1036 383 1067 ista

236 1092 397 1125 Davidioa
421 1093 525 1133 stirpe
548 1095 629 1137 sata,

235 1139 372 1173 Davidis
398 1140 441 1172 ad
465 1142 596 1180 sceptra

235 1191 283 1220 est
307 1188 451 1228 regenda

233 1236 326 1276 prole
351 1235 536 1269 fecundata.

235 1293 288 1326 Ab
314 1301 390 1326 arce
414 1302 539 1326 summa

234 1341 367 1382 angelus
393 1341 519 1374 adstat:

231 1389 348 1429 Maria,

234 1438 349 1478 inquit,
377 1437 472 1481 alma,
500 1447 561 1471 ave
584 1438 683 1479 plena

231 1495 365 1540 Regem,
390 1496 446 1536 qui
471 1496 545 1529 dira

232 1544 345 1576 mortis
369 1543 500 1577 vincula

238 1591 405 1625 damnabit
427 1592 512 1625 mira

236 1649 308 1672 oum
330 1640 488 1681 potentia,

235 1697 328 1721 suum
353 1688 480 1728 plasma

235 1736 365 1769 solvens
391 1739 506 1776 sponte
532 1744 590 1769 sua

234 1787 332 1825 atque
356 1784 454 1817 beata

238 1832 362 1866 donans
388 1832 467 1866 vita.

233 1890 327 1924 Haeo
352 1892 402 1923 est
424 1891 515 1932 virgo

232 1948 298 1972 non
322 1939 460 1981 irrigata

234 1987 292 2020 sed
314 1987 377 2020 Dei
402 1988 509 2028 gratia

231 2035 394 2077 florigera.

231 2094 331 2128 Velut
353 2103 428 2127 rosa

234 2144 392 2178 decorans
415 2143 552 2185 spineta,

234 2192 282 2225 sic
306 2192 392 2233 quod
415 2191 529 2224 laedat

233 2240 281 2273 nil
306 2240 405 2273 habet
429 2239 549 2273 Maria.

233 2300 259 2334 O
285 2299 389 2340 virgo,
415 2298 486 2331 sola

230 2350 335 2381 mater
358 2349 458 2389 casta,

229 2399 343 2431 nostra
368 2396 508 2430 crimina

871 940 930 973 3b.

871 1093 931 1126 412.

872 1293 930 1327 5b.

870 1496 931 1531 (ib.

872 2297 932 2333 912.

872 835 934 868 212.
955 835 1048 867 Tuba
1075 838 1108 866 et
1131 843 1249 867 canora

954 882 1137 922 palinodias
1164 886 1267 917 canta.

955 940 1143 981 Gongaudet
1169 943 1324 980 exortam,

954 996 1014 1027 per
1040 997 1134 1028 quam
1160 987 1223 1020 sibi
1249 988 1408 1021 sublatam

955 1036 1041 1075 capit
1068 1035 1177 1069 vitam.

953 1092 1025 1124 Neo
1050 1093 1220 1134 gravidata
1244 1094 1371 1125 viscera

953 1143 1029 1172 sunt
1052 1144 1160 1172 tamen
1185 1149 1244 1182 per
1267 1141 1336 1174 ulla

952 1189 1055 1228 patris
1080 1189 1226 1221 membra

955 1236 1014 1269 sed
1040 1245 1084 1270 ex·
1104 1235 1170 1268 fide
1196 1237 1274 1269 sola.

956 1293 1071 1326 Gratia
1096 1302 1199 1335 sacra,

954 1344 987 1373 et
1011 1341 1183 1375 benedicta

954 1388 1089 1422 feminas

952 1437 1038 1469 inter
1064 1446 1182 1477 omnes,
1206 1438 1355 1477 paritura

957 1495 1015 1528 Fit
1037 1503 1114 1528 mox
1137 1494 1249 1535 puella

953 1543 1061 1577 verbis
1088 1543 1221 1575 credula

956 1594 989 1624 et
1012 1600 1207 1632 puerperam

955 1643 1065 1681 stupet
1090 1643 1123 1672 et
1149 1641 1280 1681 castam,

954 1691 1066 1720 natum
1088 1690 1218 1728 gestans

954 1737 1135 1776 speciosum
1161 1734 1275 1776 forma,

955 1787 1119 1825 regentem
1147 1787 1262 1815 cuncta

956 1832 1044 1865 orbis
1069 1840 1178 1872 regna.

873 1891 932 1927 7b.
953 1890 1046 1923 Haeo
1071 1892 1120 1921 est,
1144 1890 1214 1922 sola

957 1941 1144 1972 cunctorum
1168 1938 1248 1970 hera

956 1990 1105 2020 materna
1129 1986 1304 2019 obscurans

956 2036 1095 2076 piacula.

872 2094 932 2129 8b.
954 2093 1053 2135 Virgo
1078 2093 1151 2125 Eva

955 2143 1042 2183 quod
1069 2142 1204 2174 contulit
1227 2142 1343 2184 prima,

958 2190 1079 2223 Christi
1105 2199 1225 2231 sponsa

955 2238 1073 2281 effugat
1096 2239 1215 2272 Maria.

956 2297 1053 2331 Solve
1077 2298 1157 2330 dans
1182 2305 1292 2343 regna,

956 2347 1026 2387 quis
1047 2347 1145 2380 beata

956 2397 1093 2437 regnant
1118 2396 1255 2437 agmina.
