1655 2637
679 98 943 133 —109—

560 190 607 222 96.
646 192 683 223 ln
704 190 788 223 festo
809 191 859 224 SS.
882 191 1061 223 TrInitatis.

606 263 662 297 ia.
689 263 869 297 Benedicta

687 311 732 343 sit
754 310 852 343 beata

690 358 829 400 trinitas²

690 407 793 439 deitas

688 456 821 486 aeterna
845 453 979 494 pariter,

688 502 871 541 coaequalis
895 501 1007 541 gloria.

138 559 196 591 2a.
223 556 311 589 Deus
335 558 470 601 genitor,
834 559 893 590 2b.
918 557 1038 597 Quibus
1065 561 1114 589 est
1137 568 1201 590 una

219 608 314 637 natus
340 606 476 648 genitus,
916 615 1044 646 semper
1068 606 1226 648 voluntas,

225 661 294 684 cum
321 662 413 685 sacro
438 656 612 694 pneumate
914 662 976 685 nec
999 663 1019 685 a
1043 661 1078 686 se
1105 654 1267 694 discrepat

218 709 412 741 permanens
917 701 1005 734 haud
1029 710 1169 741 unquam

219 757 317 788 super
342 757 436 781 omne
461 750 547 790 quod
572 752 687 781 exstat.
914 750 1081 789 triplicata
1105 757 1252 789 persona.

133 807 191 840 3a.
218 805 304 838 Nam
330 808 457 839 constat
480 807 583 839 deitas
608 816 673 838 una
831 807 891 840 31³.
913 806 1004 838 Haec
1028 815 1166 846 namque
1190 806 1285 847 pellit
1311 807 1443 848 delicta,

216 862 282 885 non
306 854 340 886 in
366 859 433 887 tres
460 854 537 886 deos
564 854 676 895 divisa,
913 854 1052 894 patriam
1077 854 1189 886 reddit
1212 863 1369 895 serenam,

217 910 300 941 quae
324 901 406 935 fides
432 900 563 943 fatetur,
914 911 977 941 qua
1003 902 1129 934 dulcem
1150 902 1292 942 jubilant

216 958 235 980 a
261 949 389 983 Christo
911 950 1039 990 agmina

216 997 395 1030 orthodoxe
422 997 543 1032 dedita,
912 997 1134 1037 symphoniam
1161 997 1290 1029 coelica.

128 1056 189 1088 4a.
217 1054 397 1087 Altithroni
422 1054 558 1095 vestigia
827 1054 887 1089 4b.
913 1054 1172 1094 Operiunturque
1197 1054 1300 1094 binas,

211 1101 379 1135 imitantur
402 1102 494 1134 stolis
910 1110 988 1141 quas
1015 1104 1146 1142 captant
1168 1104 1243 1142 post
1268 1102 1367 1134 saecli

213 1150 391 1182 candidata
910 1149 1107 1183 discrimina.

128 1208 184 1242 5a.
211 1207 257 1239 Et
280 1216 349 1248 nos,
376 1214 455 1247 quos
826 1207 883 1240 5b.
905 1207 1067 1246 Quatenus

209 1255 355 1288 illustrat
908 1257 1037 1287 caterva

209 1303 315 1343 gratia
909 1302 1029 1334 coelica

207 1350 270 1384 Dei
295 1358 422 1391 supera,
905 1350 999 1382 nobis
1024 1353 1152 1382 maneat

210 1398 321 1430 demus
345 1400 457 1430 nostra
484 1396 603 1436 debita,
905 1398 993 1430 socia
1016 1400 1092 1438 post,
1115 1397 1240 1430 funera.

122 1458 179 1490 6a.
207 1455 395 1497 Ultimaque
418 1458 552 1495 peracta
821 1455 879 1489 6b.
904 1455 971 1494 Quo
998 1455 1171 1495 perspicua
1195 1454 1313 1495 flagrat

207 1503 396 1537 discrimina
902 1504 960 1536 lux
985 1512 1121 1535 accensa,

203 1552 364 1592 possimus
391 1551 458 1583 alta
904 1552 1065 1583 constanti
1088 1549 1227 1592 flamma,

204 1600 374 1641 possidere
399 1609 474 1632 mox
497 1599 631 1640 palatia,
902 1608 985 1639 quae
1008 1599 1098 1632 Deus
1124 1603 1183 1640 est,
1210 1599 1292 1633 visio
1317 1602 1441 1639 nostra,

120 1659 176 1691 7a.
203 1658 403 1699 Angelorum
428 1666 512 1698 quae
536 1657 682 1690 inusti-at
818 1657 877 1690 71).
901 1656 950 1689 Ut
972 1657 1007 1689 in
1033 1656 1162 1690 Christo
1187 1656 1256 1689 so1o
1281 1666 1341 1689 sua

203 1705 334 1739 fortiter
358 1708 503 1747 pectora,
903 1703 1045 1745 defigant
1068 1705 1201 1739 lumina.

118 1765 175 1798 Sa.
201 1762 294 1796 Haec
318 1772 458 1804 namque
484 1767 532 1795 est
557 1763 616 1795 flla
817 1762 879 1796 8b.
905 1761 984 1794 Cum
1011 1761 1133 1794 fuerint
1154 1763 1231 1794 data

200 1811 271 1844 sitis
296 1810 448 1853 flagrans,
899 1813 1060 1851 perpetua

201 1869 264 1901 qua
288 1863 366 1892 tunc
391 1860 504 1892 sitient
528 1857 683 1904 (animae)
900 1857 993 1890 bonis
1018 1866 1078 1899 pro
1104 1858 1150 1890 eis

199 1912 383 1941 sanctorum
408 1909 462 1941 vel
487 1916 634 1949 corpora,
900 1915 920 1937 a
939 1906 1051 1947 Judice
1073 1907 1228 1947 praemia.

189 1976 215 2004 B
243 1975 292 2004 fol.
326 1974 378 2004 191
393 1975 420 2003 b.
452 1990 491 1995 —-
519 1975 562 2004 Ca
586 1974 637 2002 fot.
660 1972 714 2003 131
728 1982 753 2001 a.
775 1989 815 1993 —
834 1974 862 2001 D
884 1973 935 2001 fol.
958 1971 1015 2001 118
1026 1982 1052 2001 a.
1073 1989 1113 1993 —
1131 1973 1158 2001 E
1179 1973 1231 2001 fol.
1255 1970 1312 2001 275
1324 1981 1351 2001 a.
1371 1988 1409 1993 ——
1429 1973 1458 2001 F

112 2014 163 2043 fol.
186 2012 242 2043 103
254 2023 280 2043 a.
303 2030 339 2034 —
360 2016 390 2043 K
409 2014 460 2042 fol.
485 2012 580 2042 1751„
604 2028 640 2032 -
659 2013 686 2041 L
699 2012 742 2042 fol
768 2010 823 2039 121
837 2020 863 2039 a.
878 2028 916 2032 ——
928 2012 957 2040 N
971 2012 1021 2039 fol.
1037 2009 1133 2041 1361).
1148 2027 1186 2032 -
1202 2013 1226 2041 O
1241 2012 1292 2040 fol.
1308 2010 1362 2040 267
1376 2021 1403 2041 a.
1417 2028 1455 2032 —

111 2054 137 2082 P
162 2054 214 2082 fol.
242 2052 278 2082 71
290 2054 319 2082 b.
350 2070 389 2074 —
417 2054 443 2088 Q
470 2054 521 2082 fol.
549 2050 586 2081 90
597 2060 624 2079 a.
645 2067 681 2071 —-
706 2051 763 2080 Cfr.
790 2051 874 2079 Miss.
901 2059 955 2078 ms.
977 2050 1194 2079 Salisberiense
1215 2059 1293 2079 saec.
1317 2049 1360 2079 15.
1384 2050 1453 2079 Cori.

111 2092 190 2122 Bibl.
210 2093 379 2122 Rossianae
396 2093 434 2120 Σ.
455 2109 494 2112 -
514 2090 567 2125 211,
591 2089 609 2119 3
628 2091 692 2119 Noc
712 2089 750 2118 ad
773 2099 805 2118 se
820 2088 870 2117 Ca.
891 2104 930 2109 —
951 2087 968 2116 2
980 2098 1005 2124 a,
1026 2089 1047 2118 4
1067 2091 1119 2117 aut
1137 2098 1270 2127 unquam
1292 2090 1351 2118 alle
1366 2091 1452 2125 Hssq

111 2131 189 2160 hanc
208 2140 362 2169 nunquam
377 2132 415 2160 Σ.
436 2148 475 2152 --
495 2129 549 2166 3a,
570 2128 588 2158 3
611 2130 691 2166 quod
713 2128 786 2157 fides
800 2129 837 2156 Σ.
858 2143 898 2147 -
917 2126 968 2162 5a,
986 2128 1005 2156 4
1022 2137 1152 2166 superna
1164 2130 1206 2165 ,ῖς
1228 2137 1317 2166 super
1333 2129 1456 2158 aethera

111 2171 188 2199 Cat-t
217 2187 255 2193 -—
282 2171 336 2205 51),
365 2169 382 2199 5
409 2172 481 2207 post
504 2170 612 2198 fimera
638 2169 731 2196 socia.
760 2168 798 2195 Σ.
825 2183 865 2187 -—
890 2165 942 2202 ea,
966 2166 980 2195 1
1012 2168 1071 2196 asse
1090 2168 1161 2195 Hss.
1184 2167 1282 2196 ausser
1303 2169 1453 2197 E-ultimo

110 2213 230 2246 peracto
254 2210 436 2238 discrimine.
456 2223 496 2228 —
517 2207 568 2242 6a,
590 2205 611 2235 4
631 2209 661 2235 et
682 2206 794 2243 perfrui
813 2214 883 2233 mox
894 2205 931 2234 Ε.
946 2221 983 2226 -
999 2205 1052 2242 61),
1070 2204 1084 2233 1
1098 2207 1191 2234 micat
1205 2206 1330 2241 DKLP;
1352 2208 1456 2235 manat

109 2248 145 2276 E.
166 2265 205 2268 —
222 2248 274 2284 61),
295 2248 316 2277 4
335 2249 418 2277 Deus
439 2247 514 2276 fehlt
526 2248 565 2276 D.
586 2263 624 2267 —
643 2245 728 2274 Nach
749 2244 792 2273 61)
813 2245 902 2281 folgt:
923 2245 965 2273 Et
984 2246 1065 2273 saIus
1082 2247 1211 2282 aeterna,
1235 2245 1287 2273 das
1304 2244 1453 2274 entweder

107 2287 320 2317 Einschiebsel
347 2289 401 2322 ist,
430 2286 502 2315 oder
533 2286 617 2315 seine
644 2283 896 2313 Parallelklausel
923 2284 1061 2312 verloren
1087 2284 1148 2312 hat.
1178 2300 1214 2304 ——
1243 2284 1298 2319 712,
1322 2284 1335 2313 1
1358 2285 1401 2313 Et
1419 2284 1453 2311 in

109 2326 237 2357 Christo.
253 2327 322 2356 ΠΣ.
344 2342 380 2346 -
403 2324 457 2360 Sa,
479 2323 497 2354 3
519 2325 639 2353 am'mae
657 2322 841 2360 fiberztihlig.
865 2337 901 2342 —-
922 2321 975 2358 83..
989 2321 1009 2351 4
1024 2326 1053 2352 et
1066 2331 1192 2360 corpora
1205 2323 1294 2352 BDP.
1309 2339 1348 2344 —
1363 2323 1414 2357 812,
1433 2319 1453 2350 3

107 2366 195 2395 bonis
222 2375 277 2403 pro
306 2375 342 2395 ea
363 2366 454 2400 Dca3
484 2366 527 2393 eis
554 2372 609 2401 pro
636 2363 723 2391 bonis
750 2363 787 2390 Σ.
815 2377 854 2381 -
879 2361 950 2391 Mel.
980 2362 1032 2390 der
1058 2361 1193 2399 Sequenz
1222 2362 1354 2391 diest-Ibe
1380 2363 1453 2390 wie:

106 2407 254 2434 Benedicta
273 2415 377 2441 temper
397 2409 493 2433 sumta
511 2404 600 2432 unter
619 2402 808 2438 Auslassung
830 2401 881 2430 des
903 2401 1027 2430 Ohorals
1050 2400 1067 2430 6
1089 2402 1150 2429 und
1170 2399 1188 2430 8
1205 2402 1290 2438 jener
1311 2401 1329 2430 ὃ
1349 2402 1455 2431 Ρτοεε,
