1655 2637
184 363 240 395 2a.

186 564 241 596 321,

186 669 244 700 4a.

189 821 245 853 5a,

192 973 248 1006 δα.

193 1078 250 1111 7a.

204 1641 259 1671 2a.

206 1794 261 1826 aa.

208 1995 263 2027 4a.

212 2244 266 2276 511.

715 96 982 133 *262*

621 193 691 224 244.
731 190 832 223 Prusa
852 186 1067 221 Dominicalis.

671 254 687 286 1
701 262 729 287 a.
755 252 909 285 Laudent
933 258 1042 290 regem

757 300 945 340 angelorum

877 358 933 389 ab.
956 355 1029 388 Nec
1052 362 1116 387 non
1142 352 1246 385 omnis

266 361 408 402 Agmina

268 418 369 448 sacra,
395 408 501 441 Deum

266 460 454 498 regnantem
476 456 512 487 in
537 464 613 488 arce

266 505 334 546 poli
358 513 418 544 per
443 503 560 538 saecla.

268 562 366 595 Polus
391 564 487 601 atque
510 560 631 601 sidera,

267 610 419 642 aetherea
442 608 562 648 lucida,

272 667 351 700 Cum
377 664 568 698 hominibus.

271 714 325 755 qui
347 716 467 745 terram
493 712 641 744 habitant

270 770 329 802 per
354 762 482 793 deitatis
508 760 654 801 gratiam,

271 819 325 852 Ab
349 820 480 858 antiqua

272 866 394 899 inimici

273 915 409 947 subdola
432 913 573 947 fallacia.

273 971 319 1004 Et
344 971 515 1011 assumpsit

272 1028 333 1059 pto
357 1019 451 1051 nobis
476 1027 605 1050 carnem
629 1026 750 1058 veram,

274 1077 374 1116 Cujus
398 1084 546 1116 magnam

277 1132 443 1156 exoramus
471 1123 683 1158 clementiam,

277 1175 312 1203 ut
334 1171 462 1211 piacula

277 1222 387 1251 nostra
412 1219 505 1250 tollat

878 557 939 591 3b.

878 663 938 696 4b.

884 816 943 849 5b.

885 969 948 1002 6¹0.

884 1074 933 1107 731>

961 405 1111 436 creatura

960 451 1002 484 ab
1027 450 1100 490 ipso
1126 451 1239 481 creata

960 500 1026 539 ipsi
1050 497 1239 539 applaudat.

962 557 1050 594 Quae
1071 556 1182 588 lucent
1203 554 1238 586 in
1263 553 1378 596 gloria,

963 605 1029 644 ipsi
1054 602 1246 636 famulantia

962 663 1046 700 Quos
1073 660 1193 701 eripuit

965 708 1092 742 bonitas
1118 708 1178 741 filii

965 756 1041 790 almi
1065 756 1170 797 patris
1195 755 1391 788 admiranda

967 814 1051 847 Nam
1075 816 1113 846 ut
1135 813 1209 854 pius

965 863 1109 895 salvaret
1132 870 1201 902 nos,

967 911 1102 951 reliquit
1126 910 1195 950 poli
1219 910 1287 941 alta

970 968 1045 1000 Non
1071 967 1222 999 amittens

965 1019 1085 1057 tamen,
1110 1015 1197 1055 quod
1222 1014 1311 1046 Deus
1336 1017 1419 1047 erat.

966 1072 1012 1105 Et
1035 1073 1160 1104 tribuat

969 1120 1157 1162 angelorum
1183 1120 1346 1152 consortia

968 1167 1114 1201 oratione

968 1215 1099 1248 assidua

656 1275 687 1307 8.
716 1273 905 1305 Sanctorum
931 1281 1071 1312 suorum,

719 1321 769 1353 cui
792 1329 910 1361 perpes
936 1320 978 1352 sit
1002 1320 1083 1354 laus,

277 1390 309 1417 M
329 1389 379 1417 fol.
401 1386 455 1415 201
473 1389 500 1415 b.
521 1401 558 1407 -ν-
578 1388 655 1416 Tite]
677 1387 728 1415 der
748 1387 896 1423 Sequenz:
919 1387 1034 1423 „Lauda
1051 1384 1172 1414 ammff.

627 1470 697 1502 245.
737 1470 838 1501 Prosa
856 1469 1071 1501 Dominicalis.

668 1533 699 1565 1.
726 1531 877 1564 Laudent
900 1539 976 1563 ecce

722 1588 781 1619 per
806 1579 918 1612 orbem
944 1583 1060 1612 cuncta

287 1637 403 1671 Mundi
428 1638 515 1670 laeta
539 1637 669 1669 condita

288 1691 474 1729 creatorem,
501 1694 619 1717 canora

287 1735 410 1774 plectro
436 1737 550 1765 sonent
568 1742 654 1765 nunc
679 1742 808 1773 organa.

288 1793 396 1824 Aurea

287 1840 429 1880 phalanx
454 1837 572 1871 festiva

286 1888 353 1928 jam
378 1887 515 1928 pulchra
536 1889 628 1919 sonet

290 1936 488 1977 symphonia.

290 1993 341 2025 En
368 1992 470 2025 omnis
495 2001 575 2024 arva

291 2041 433 2080 suscepit
457 2049 557 2073 ovans
579 2041 685 2072 anima

289 2088 389 2121 Festa
412 2098 498 2120 nunc
522 2088 619 2126 celsa,

290 2138 387 2169 nivea
407 2137 441 2168 in

294 2194 356 2224 qua
380 2184 508 2225 plaudit
532 2186 672 2216 caterva.

294 2241 380 2273 Tace
401 2241 469 2279 jam
493 2241 633 2273 stridula

295 2289 485 2321 blaterando
511 2298 571 2328 per
597 2288 709 2329 lingua

292 2337 359 2377 jam
384 2337 480 2368 turba

296 2388 429 2425 stupens
454 2383 589 2424 fulgida.

898 1791 959 1824 ssb.

900 1992 963 2027 ab.

904 2242 963 2274 5b.

891 1637 951 1670 ab.
976 1637 1122 1677 Namque
1149 1638 1252 1678 decet,
1277 1638 1422 1679 jucunda

973 1686 1041 1725 jam
1068 1685 1236 1726 depromat
1261 1695 1348 1719 nunc
1371 1687 1487 1727 lingua

980 1733 1066 1767 celsa
1093 1737 1225 1766 cantans
1252 1743 1322 1766 cum
1348 1733 1465 1767 fistula.

982 1793 1008 1824 A
1014 1794 1104 1823 strea

981 1839 1150 1879 redempta
1173 1839 1272 1872 turba

982 1888 1097 1919 melica
1122 1886 1199 1919 boet

980 1935 1158 1968 harmonia.

986 1993 1091 2026 Saeva
1118 1992 1264 2025 dehiscat

983 2041 1109 2085 umbra,
1136 2041 1195 2073 lux
1219 2041 1310 2074 clara
1334 2043 1462 2083 emicat,

983 2088 1069 2122 Nam
1092 2089 1292 2122 laetabunda

983 2137 1109 2170 scandit
1134 2138 1244 2178 proles

986 2186 1073 2218 celsa
1096 2189 1256 2226 poemata.

988 2243 1051 2274 Per
1076 2252 1155 2276 arva
1175 2243 1243 2284 jam
1270 2247 1400 2285 sceptra

989 2290 1182 2323 dominantis
1208 2292 1243 2324 in
1268 2293 1379 2325 saecla

989 2339 1043 2379 qui
1071 2339 1143 2372 dira

988 2389 1099 2419 vastat
1118 2390 1253 2419 tartara.
