<?xml version="1.0" encoding="UTF-8"?>
<!DOCTYPE html PUBLIC "-//W3C//DTD XHTML 1.0 Transitional//EN"
    "http://www.w3.org/TR/xhtml1/DTD/xhtml1-transitional.dtd">
<html xmlns="http://www.w3.org/1999/xhtml" xml:lang="en" lang="en">
 <head>
  <title>
</title>
<meta http-equiv="Content-Type" content="text/html;charset=utf-8" />
  <meta name='ocr-system' content='tesseract 3.04.00' />
  <meta name='ocr-capabilities' content='ocr_page ocr_carea ocr_par ocr_line ocrx_word'/>
</head>
<body>
  <div class='ocr_page' id='page_1' title='image "./analectahymnica07drevuoft_00156.png"; bbox 0 0 1655 2637; ppageno 0'>
   <div class='ocr_carea' id='block_1_1' title="bbox 159 185 217 218">
    <p class='ocr_par' dir='ltr' id='par_1_1' title="bbox 159 185 217 218">
     <span class='ocr_line' id='line_1_1' title="bbox 159 185 217 218; baseline 0 0"><span class='ocrx_word' id='word_1_1' title='bbox 159 185 217 218; x_wconf 62' lang='grc' dir='ltr'>ὃτι.</span> 
     </span>
    </p>
   </div>
   <div class='ocr_carea' id='block_1_2' title="bbox 166 454 224 486">
    <p class='ocr_par' dir='ltr' id='par_1_2' title="bbox 166 454 224 486">
     <span class='ocr_line' id='line_1_2' title="bbox 166 454 224 486; baseline -0.052 0"><span class='ocrx_word' id='word_1_2' title='bbox 166 454 224 486; x_wconf 81' lang='lat' dir='ltr'>4a.</span> 
     </span>
    </p>
   </div>
   <div class='ocr_carea' id='block_1_3' title="bbox 157 963 215 995">
    <p class='ocr_par' dir='ltr' id='par_1_3' title="bbox 157 963 215 995">
     <span class='ocr_line' id='line_1_3' title="bbox 157 963 215 995; baseline -0.017 0"><span class='ocrx_word' id='word_1_3' title='bbox 157 963 215 995; x_wconf 88' lang='lat' dir='ltr'>5a.</span> 
     </span>
    </p>
   </div>
   <div class='ocr_carea' id='block_1_4' title="bbox 156 1279 214 1312">
    <p class='ocr_par' dir='ltr' id='par_1_4' title="bbox 156 1279 214 1312">
     <span class='ocr_line' id='line_1_4' title="bbox 156 1279 214 1312; baseline -0.034 0"><span class='ocrx_word' id='word_1_4' title='bbox 156 1279 214 1312; x_wconf 86' lang='lat' dir='ltr'>6a.</span> 
     </span>
    </p>
   </div>
   <div class='ocr_carea' id='block_1_5' title="bbox 155 1638 210 1672">
    <p class='ocr_par' dir='ltr' id='par_1_5' title="bbox 155 1638 210 1672">
     <span class='ocr_line' id='line_1_5' title="bbox 155 1638 210 1672; baseline 0.036 -2"><span class='ocrx_word' id='word_1_5' title='bbox 155 1638 210 1672; x_wconf 82' lang='lat' dir='ltr'>7a.</span> 
     </span>
    </p>
   </div>
   <div class='ocr_carea' id='block_1_6' title="bbox 151 2001 210 2034">
    <p class='ocr_par' dir='ltr' id='par_1_6' title="bbox 151 2001 210 2034">
     <span class='ocr_line' id='line_1_6' title="bbox 151 2001 210 2034; baseline -0.034 0"><span class='ocrx_word' id='word_1_6' title='bbox 151 2001 210 2034; x_wconf 79' lang='lat' dir='ltr'>Sa.</span> 
     </span>
    </p>
   </div>
   <div class='ocr_carea' id='block_1_7' title="bbox 694 87 956 123">
    <p class='ocr_par' dir='ltr' id='par_1_7' title="bbox 694 87 956 123">
     <span class='ocr_line' id='line_1_7' title="bbox 694 87 956 123; baseline 0.004 -1"><span class='ocrx_word' id='word_1_7' title='bbox 694 106 740 111; x_wconf 93' lang='lat'>—</span> <span class='ocrx_word' id='word_1_8' title='bbox 793 87 862 123; x_wconf 87' lang='lat'>149</span> <span class='ocrx_word' id='word_1_9' title='bbox 916 108 956 114; x_wconf 50' lang='grc' dir='ltr'>-ν</span> 
     </span>
    </p>
   </div>
   <div class='ocr_carea' id='block_1_8' title="bbox 245 184 624 417">
    <p class='ocr_par' dir='ltr' id='par_1_8' title="bbox 245 184 408 224">
     <span class='ocr_line' id='line_1_8' title="bbox 245 184 408 224; baseline 0 -8"><span class='ocrx_word' id='word_1_10' title='bbox 245 184 408 224; x_wconf 82' lang='lat' dir='ltr'>opulenta</span> 
     </span>
    </p>

    <p class='ocr_par' dir='ltr' id='par_1_9' title="bbox 245 232 400 274">
     <span class='ocr_line' id='line_1_9' title="bbox 245 232 400 274; baseline 0.013 -11"><span class='ocrx_word' id='word_1_11' title='bbox 245 232 400 274; x_wconf 85' lang='lat' dir='ltr'>prosapia</span> 
     </span>
    </p>

    <p class='ocr_par' dir='ltr' id='par_1_10' title="bbox 245 280 624 417">
     <span class='ocr_line' id='line_1_10' title="bbox 248 280 555 321; baseline 0.003 -9"><span class='ocrx_word' id='word_1_12' title='bbox 248 280 303 321; x_wconf 87' lang='lat' dir='ltr'>qui</span> <span class='ocrx_word' id='word_1_13' title='bbox 328 284 416 313; x_wconf 83' lang='lat' dir='ltr'>satus</span> <span class='ocrx_word' id='word_1_14' title='bbox 440 281 555 313; x_wconf 81' lang='lat' dir='ltr'>emicat</span> 
     </span>
     <span class='ocr_line' id='line_1_11' title="bbox 245 328 550 370; baseline 0 -9"><span class='ocrx_word' id='word_1_15' title='bbox 245 328 412 370; x_wconf 81' lang='lat' dir='ltr'>religionis</span> <span class='ocrx_word' id='word_1_16' title='bbox 437 328 550 361; x_wconf 84' lang='lat' dir='ltr'>inclita</span> 
     </span>
     <span class='ocr_line' id='line_1_12' title="bbox 246 375 624 417; baseline 0.003 -8"><span class='ocrx_word' id='word_1_17' title='bbox 246 375 369 417; x_wconf 85' lang='lat' dir='ltr'>pietate</span> <span class='ocrx_word' id='word_1_18' title='bbox 394 377 471 409; x_wconf 83' lang='lat' dir='ltr'>satis</span> <span class='ocrx_word' id='word_1_19' title='bbox 499 376 624 411; x_wconf 85' lang='lat' dir='ltr'>decora.</span> 
     </span>
    </p>
   </div>
   <div class='ocr_carea' id='block_1_9' title="bbox 242 454 576 917">
    <p class='ocr_par' dir='ltr' id='par_1_11' title="bbox 252 454 351 487">
     <span class='ocr_line' id='line_1_13' title="bbox 252 454 351 487; baseline -0.02 0"><span class='ocrx_word' id='word_1_20' title='bbox 252 454 351 487; x_wconf 83' lang='lat' dir='ltr'>Initia</span> 
     </span>
    </p>

    <p class='ocr_par' dir='ltr' id='par_1_12' title="bbox 249 502 469 541">
     <span class='ocr_line' id='line_1_14' title="bbox 249 502 469 541; baseline 0 -8"><span class='ocrx_word' id='word_1_21' title='bbox 249 502 338 541; x_wconf 88' lang='lat' dir='ltr'>cujus</span> <span class='ocrx_word' id='word_1_22' title='bbox 363 502 469 541; x_wconf 88' lang='lat' dir='ltr'>prima</span> 
     </span>
    </p>

    <p class='ocr_par' dir='ltr' id='par_1_13' title="bbox 244 549 576 780">
     <span class='ocr_line' id='line_1_15' title="bbox 248 549 576 583; baseline -0.003 -2"><span class='ocrx_word' id='word_1_23' title='bbox 248 550 282 583; x_wconf 88' lang='lat' dir='ltr'>in</span> <span class='ocrx_word' id='word_1_24' title='bbox 307 552 454 582; x_wconf 86' lang='lat' dir='ltr'>materna</span> <span class='ocrx_word' id='word_1_25' title='bbox 479 549 576 582; x_wconf 78' lang='lat' dir='ltr'>vulva</span> 
     </span>
     <span class='ocr_line' id='line_1_16' title="bbox 246 596 525 638; baseline -0.004 -9"><span class='ocrx_word' id='word_1_26' title='bbox 246 597 370 629; x_wconf 84' lang='lat' dir='ltr'>indicia</span> <span class='ocrx_word' id='word_1_27' title='bbox 394 596 525 638; x_wconf 78' lang='lat' dir='ltr'>publica</span> 
     </span>
     <span class='ocr_line' id='line_1_17' title="bbox 248 645 529 686; baseline -0.004 -9"><span class='ocrx_word' id='word_1_28' title='bbox 248 645 326 677; x_wconf 84' lang='lat' dir='ltr'>dant</span> <span class='ocrx_word' id='word_1_29' title='bbox 351 654 411 686; x_wconf 78' lang='lat' dir='ltr'>per</span> <span class='ocrx_word' id='word_1_30' title='bbox 434 647 529 677; x_wconf 82' lang='lat' dir='ltr'>terna</span> 
     </span>
     <span class='ocr_line' id='line_1_18' title="bbox 244 693 524 725; baseline -0.004 -1"><span class='ocrx_word' id='word_1_31' title='bbox 244 693 334 725; x_wconf 87' lang='lat' dir='ltr'>vocis</span> <span class='ocrx_word' id='word_1_32' title='bbox 359 693 524 725; x_wconf 86' lang='lat' dir='ltr'>sonamina</span> 
     </span>
     <span class='ocr_line' id='line_1_19' title="bbox 244 740 366 780; baseline 0.008 -8"><span class='ocrx_word' id='word_1_33' title='bbox 244 740 366 780; x_wconf 88' lang='lat' dir='ltr'>audita,</span> 
     </span>
    </p>

    <p class='ocr_par' dir='ltr' id='par_1_14' title="bbox 242 788 483 876">
     <span class='ocr_line' id='line_1_20' title="bbox 242 788 483 829; baseline 0 -9"><span class='ocrx_word' id='word_1_34' title='bbox 242 788 329 829; x_wconf 75' lang='lat' dir='ltr'>quod</span> <span class='ocrx_word' id='word_1_35' title='bbox 353 789 483 821; x_wconf 83' lang='lat' dir='ltr'>trinitas</span> 
     </span>
     <span class='ocr_line' id='line_1_21' title="bbox 244 837 413 876; baseline 0.006 -8"><span class='ocrx_word' id='word_1_36' title='bbox 244 837 313 876; x_wconf 87' lang='lat' dir='ltr'>ejus</span> <span class='ocrx_word' id='word_1_37' title='bbox 339 839 413 869; x_wconf 90' lang='lat' dir='ltr'>acta</span> 
     </span>
    </p>

    <p class='ocr_par' dir='ltr' id='par_1_15' title="bbox 245 884 446 917">
     <span class='ocr_line' id='line_1_22' title="bbox 245 884 446 917; baseline -0.015 0"><span class='ocrx_word' id='word_1_38' title='bbox 245 884 299 917; x_wconf 87' lang='lat' dir='ltr'>det</span> <span class='ocrx_word' id='word_1_39' title='bbox 326 885 446 917; x_wconf 81' lang='lat' dir='ltr'>vitalia.</span> 
     </span>
    </p>
   </div>
   <div class='ocr_carea' id='block_1_10' title="bbox 237 962 655 1241">
    <p class='ocr_par' dir='ltr' id='par_1_16' title="bbox 242 962 509 1001">
     <span class='ocr_line' id='line_1_23' title="bbox 242 962 509 1001; baseline 0 -9"><span class='ocrx_word' id='word_1_40' title='bbox 242 962 342 1001; x_wconf 78' lang='lat' dir='ltr'>Quem</span> <span class='ocrx_word' id='word_1_41' title='bbox 367 969 509 1001; x_wconf 88' lang='lat' dir='ltr'>superna</span> 
     </span>
    </p>

    <p class='ocr_par' dir='ltr' id='par_1_17' title="bbox 237 1008 655 1193">
     <span class='ocr_line' id='line_1_24' title="bbox 241 1008 466 1048; baseline 0 -8"><span class='ocrx_word' id='word_1_42' title='bbox 241 1011 335 1041; x_wconf 85' lang='lat' dir='ltr'>tuens</span> <span class='ocrx_word' id='word_1_43' title='bbox 360 1008 466 1048; x_wconf 79' lang='lat' dir='ltr'>gratia</span> 
     </span>
     <span class='ocr_line' id='line_1_25' title="bbox 243 1056 552 1097; baseline -0.003 -8"><span class='ocrx_word' id='word_1_44' title='bbox 243 1056 419 1089; x_wconf 85' lang='lat' dir='ltr'>subarrhat</span> <span class='ocrx_word' id='word_1_45' title='bbox 443 1057 552 1097; x_wconf 85' lang='lat' dir='ltr'>opima</span> 
     </span>
     <span class='ocr_line' id='line_1_26' title="bbox 237 1103 655 1146; baseline 0.002 -10"><span class='ocrx_word' id='word_1_46' title='bbox 237 1105 354 1146; x_wconf 81' lang='lat' dir='ltr'>jugans</span> <span class='ocrx_word' id='word_1_47' title='bbox 380 1104 455 1136; x_wconf 83' lang='lat' dir='ltr'>dote</span> <span class='ocrx_word' id='word_1_48' title='bbox 478 1103 542 1136; x_wconf 88' lang='lat' dir='ltr'>sibi</span> <span class='ocrx_word' id='word_1_49' title='bbox 567 1105 655 1137; x_wconf 89' lang='lat' dir='ltr'>socia</span> 
     </span>
     <span class='ocr_line' id='line_1_27' title="bbox 240 1152 401 1193; baseline -0.006 -9"><span class='ocrx_word' id='word_1_50' title='bbox 240 1152 401 1193; x_wconf 86' lang='lat' dir='ltr'>sophialia</span> 
     </span>
    </p>

    <p class='ocr_par' dir='ltr' id='par_1_18' title="bbox 240 1201 470 1241">
     <span class='ocr_line' id='line_1_28' title="bbox 240 1201 470 1241; baseline 0 -8"><span class='ocrx_word' id='word_1_51' title='bbox 240 1201 319 1233; x_wconf 88' lang='lat' dir='ltr'>dans</span> <span class='ocrx_word' id='word_1_52' title='bbox 344 1201 470 1241; x_wconf 85' lang='lat' dir='ltr'>pocula.</span> 
     </span>
    </p>
   </div>
   <div class='ocr_carea' id='block_1_11' title="bbox 238 1278 635 1503">
    <p class='ocr_par' dir='ltr' id='par_1_19' title="bbox 241 1278 430 1318">
     <span class='ocr_line' id='line_1_29' title="bbox 241 1278 430 1318; baseline -0.005 -8"><span class='ocrx_word' id='word_1_53' title='bbox 241 1278 330 1318; x_wconf 81' lang='lat' dir='ltr'>Ergo</span> <span class='ocrx_word' id='word_1_54' title='bbox 356 1278 430 1318; x_wconf 86' lang='lat' dir='ltr'>quia</span> 
     </span>
    </p>

    <p class='ocr_par' dir='ltr' id='par_1_20' title="bbox 238 1325 494 1406">
     <span class='ocr_line' id='line_1_30' title="bbox 242 1325 494 1359; baseline 0 -2"><span class='ocrx_word' id='word_1_55' title='bbox 242 1326 329 1358; x_wconf 88' lang='lat' dir='ltr'>hunc</span> <span class='ocrx_word' id='word_1_56' title='bbox 353 1325 494 1359; x_wconf 80' lang='lat' dir='ltr'><strong>roburea</strong></span> 
     </span>
     <span class='ocr_line' id='line_1_31' title="bbox 238 1373 383 1406; baseline 0.007 -1"><span class='ocrx_word' id='word_1_57' title='bbox 238 1373 383 1406; x_wconf 84' lang='lat' dir='ltr'>membra</span> 
     </span>
    </p>

    <p class='ocr_par' dir='ltr' id='par_1_21' title="bbox 239 1421 635 1503">
     <span class='ocr_line' id='line_1_32' title="bbox 240 1421 635 1462; baseline 0 -8"><span class='ocrx_word' id='word_1_58' title='bbox 240 1422 430 1462; x_wconf 84' lang='lat' dir='ltr'>percitaque</span> <span class='ocrx_word' id='word_1_59' title='bbox 452 1421 635 1462; x_wconf 80' lang='lat' dir='ltr'>firmabant,</span> 
     </span>
     <span class='ocr_line' id='line_1_33' title="bbox 239 1470 578 1503; baseline -0.003 -1"><span class='ocrx_word' id='word_1_60' title='bbox 239 1470 398 1503; x_wconf 84' lang='lat' dir='ltr'>sumenda</span> <span class='ocrx_word' id='word_1_61' title='bbox 422 1470 465 1503; x_wconf 81' lang='lat' dir='ltr'>ad</span> <span class='ocrx_word' id='word_1_62' title='bbox 487 1479 578 1502; x_wconf 67' lang='lat' dir='ltr'>amia</span> 
     </span>
    </p>
   </div>
   <div class='ocr_carea' id='block_1_12' title="bbox 238 1518 787 1559">
    <p class='ocr_par' dir='ltr' id='par_1_22' title="bbox 238 1518 787 1559">
     <span class='ocr_line' id='line_1_34' title="bbox 238 1518 787 1559; baseline 0.002 -9"><span class='ocrx_word' id='word_1_63' title='bbox 238 1518 453 1559; x_wconf 76' lang='lat' dir='ltr'>quaerebatur</span> <span class='ocrx_word' id='word_1_64' title='bbox 475 1519 550 1559; x_wconf 88' lang='lat' dir='ltr'>jure</span> <span class='ocrx_word' id='word_1_65' title='bbox 572 1519 705 1559; x_wconf 87' lang='lat' dir='ltr'>proprio</span> <span class='ocrx_word' id='word_1_66' title='bbox 733 1518 787 1551; x_wconf 87' lang='lat' dir='ltr'>de-</span> 
     </span>
    </p>
   </div>
   <div class='ocr_carea' id='block_1_13' title="bbox 557 1566 636 1599">
    <p class='ocr_par' dir='ltr' id='par_1_23' title="bbox 557 1566 636 1599">
     <span class='ocr_line' id='line_1_35' title="bbox 557 1566 636 1599; baseline 0.013 -1"><span class='ocrx_word' id='word_1_67' title='bbox 557 1566 636 1599; x_wconf 87' lang='lat' dir='ltr'>bita.</span> 
     </span>
    </p>
   </div>
   <div class='ocr_carea' id='block_1_14' title="bbox 236 1638 611 1967">
    <p class='ocr_par' dir='ltr' id='par_1_24' title="bbox 239 1638 394 1679">
     <span class='ocr_line' id='line_1_36' title="bbox 239 1638 394 1679; baseline -0.013 -8"><span class='ocrx_word' id='word_1_68' title='bbox 239 1638 394 1679; x_wconf 83' lang='lat' dir='ltr'>Virginea</span> 
     </span>
    </p>

    <p class='ocr_par' dir='ltr' id='par_1_25' title="bbox 236 1686 611 1870">
     <span class='ocr_line' id='line_1_37' title="bbox 240 1686 504 1726; baseline 0.004 -9"><span class='ocrx_word' id='word_1_69' title='bbox 240 1686 331 1726; x_wconf 77' lang='lat' dir='ltr'>cujus</span> <span class='ocrx_word' id='word_1_70' title='bbox 355 1689 504 1726; x_wconf 77' lang='lat' dir='ltr'>tempora</span> 
     </span>
     <span class='ocr_line' id='line_1_38' title="bbox 236 1735 525 1775; baseline 0 -9"><span class='ocrx_word' id='word_1_71' title='bbox 236 1735 380 1775; x_wconf 82' lang='lat' dir='ltr'>protegit</span> <span class='ocrx_word' id='word_1_72' title='bbox 403 1735 525 1775; x_wconf 84' lang='lat' dir='ltr'>laurea,</span> 
     </span>
     <span class='ocr_line' id='line_1_39' title="bbox 237 1782 611 1823; baseline 0 -9"><span class='ocrx_word' id='word_1_73' title='bbox 237 1782 308 1815; x_wconf 82' lang='lat' dir='ltr'>lilia</span> <span class='ocrx_word' id='word_1_74' title='bbox 334 1791 428 1823; x_wconf 87' lang='lat' dir='ltr'>quam</span> <span class='ocrx_word' id='word_1_75' title='bbox 456 1782 611 1815; x_wconf 83' lang='lat' dir='ltr'>decusant</span> 
     </span>
     <span class='ocr_line' id='line_1_40' title="bbox 239 1833 476 1870; baseline 0 -8"><span class='ocrx_word' id='word_1_76' title='bbox 239 1839 310 1863; x_wconf 89' lang='lat' dir='ltr'>cum</span> <span class='ocrx_word' id='word_1_77' title='bbox 336 1833 476 1870; x_wconf 80' lang='lat' dir='ltr'>caterva,</span> 
     </span>
    </p>

    <p class='ocr_par' dir='ltr' id='par_1_26' title="bbox 238 1879 586 1967">
     <span class='ocr_line' id='line_1_41' title="bbox 238 1879 586 1920; baseline 0 -9"><span class='ocrx_word' id='word_1_78' title='bbox 238 1887 321 1920; x_wconf 88' lang='lat' dir='ltr'>quae</span> <span class='ocrx_word' id='word_1_79' title='bbox 346 1879 434 1911; x_wconf 88' lang='lat' dir='ltr'>canit</span> <span class='ocrx_word' id='word_1_80' title='bbox 460 1879 586 1911; x_wconf 84' lang='lat' dir='ltr'>cantica</span> 
     </span>
     <span class='ocr_line' id='line_1_42' title="bbox 239 1927 403 1967; baseline 0.006 -8"><span class='ocrx_word' id='word_1_81' title='bbox 239 1927 403 1967; x_wconf 81' lang='lat' dir='ltr'>specialia.</span> 
     </span>
    </p>
   </div>
   <div class='ocr_carea' id='block_1_15' title="bbox 226 1999 777 2431">
    <p class='ocr_par' dir='ltr' id='par_1_27' title="bbox 235 1999 777 2090">
     <span class='ocr_line' id='line_1_43' title="bbox 238 1999 777 2040; baseline 0 -8"><span class='ocrx_word' id='word_1_82' title='bbox 238 2000 339 2040; x_wconf 80' lang='lat' dir='ltr'>Quem</span> <span class='ocrx_word' id='word_1_83' title='bbox 366 1999 450 2033; x_wconf 77' lang='lat' dir='ltr'>doxa</span> <span class='ocrx_word' id='word_1_84' title='bbox 475 2000 616 2032; x_wconf 69' lang='lat' dir='ltr'>sustollit</span> <span class='ocrx_word' id='word_1_85' title='bbox 641 1999 684 2033; x_wconf 80' lang='lat' dir='ltr'>ad</span> <span class='ocrx_word' id='word_1_86' title='bbox 709 2000 777 2032; x_wconf 79' lang='lat' dir='ltr'>alta</span> 
     </span>
     <span class='ocr_line' id='line_1_44' title="bbox 235 2048 369 2090; baseline -0.007 -9"><span class='ocrx_word' id='word_1_87' title='bbox 235 2048 369 2090; x_wconf 83' lang='lat' dir='ltr'>gloriam</span> 
     </span>
    </p>

    <p class='ocr_par' dir='ltr' id='par_1_28' title="bbox 234 2097 416 2138">
     <span class='ocr_line' id='line_1_45' title="bbox 234 2097 416 2138; baseline 0 -9"><span class='ocrx_word' id='word_1_88' title='bbox 234 2097 416 2138; x_wconf 88' lang='lat' dir='ltr'>rependens</span> 
     </span>
    </p>

    <p class='ocr_par' dir='ltr' id='par_1_29' title="bbox 232 2145 623 2236">
     <span class='ocr_line' id='line_1_46' title="bbox 232 2145 623 2187; baseline 0 -10"><span class='ocrx_word' id='word_1_89' title='bbox 232 2146 350 2179; x_wconf 85' lang='lat' dir='ltr'>crebra</span> <span class='ocrx_word' id='word_1_90' title='bbox 372 2154 432 2187; x_wconf 83' lang='lat' dir='ltr'>per</span> <span class='ocrx_word' id='word_1_91' title='bbox 456 2145 623 2185; x_wconf 75' lang='lat' dir='ltr'>miracula,</span> 
     </span>
     <span class='ocr_line' id='line_1_47' title="bbox 232 2194 361 2236; baseline 0.008 -10"><span class='ocrx_word' id='word_1_92' title='bbox 232 2194 361 2236; x_wconf 83' lang='lat' dir='ltr'>agmina</span> 
     </span>
    </p>

    <p class='ocr_par' dir='ltr' id='par_1_30' title="bbox 230 2243 386 2285">
     <span class='ocr_line' id='line_1_48' title="bbox 230 2243 386 2285; baseline 0.006 -10"><span class='ocrx_word' id='word_1_93' title='bbox 230 2243 386 2285; x_wconf 87' lang='lat' dir='ltr'>languida</span> 
     </span>
    </p>

    <p class='ocr_par' dir='ltr' id='par_1_31' title="bbox 230 2292 488 2333">
     <span class='ocr_line' id='line_1_49' title="bbox 230 2292 488 2333; baseline 0 -9"><span class='ocrx_word' id='word_1_94' title='bbox 230 2292 348 2333; x_wconf 80' lang='lat' dir='ltr'>quibus</span> <span class='ocrx_word' id='word_1_95' title='bbox 372 2293 488 2325; x_wconf 83' lang='lat' dir='ltr'>sanata</span> 
     </span>
    </p>

    <p class='ocr_par' dir='ltr' id='par_1_32' title="bbox 226 2341 371 2382">
     <span class='ocr_line' id='line_1_50' title="bbox 226 2341 371 2382; baseline -0.007 -8"><span class='ocrx_word' id='word_1_96' title='bbox 226 2341 371 2382; x_wconf 85' lang='lat' dir='ltr'>jubilant</span> 
     </span>
    </p>

    <p class='ocr_par' dir='ltr' id='par_1_33' title="bbox 229 2388 736 2431">
     <span class='ocr_line' id='line_1_51' title="bbox 229 2388 736 2431; baseline 0.004 -9"><span class='ocrx_word' id='word_1_97' title='bbox 229 2398 291 2431; x_wconf 88' lang='lat' dir='ltr'>per</span> <span class='ocrx_word' id='word_1_98' title='bbox 316 2390 484 2423; x_wconf 83' lang='lat' dir='ltr'>commoda</span> <span class='ocrx_word' id='word_1_99' title='bbox 508 2388 571 2422; x_wconf 90' lang='lat' dir='ltr'>sibi</span> <span class='ocrx_word' id='word_1_100' title='bbox 596 2389 736 2426; x_wconf 84' lang='lat' dir='ltr'>reddita.</span> 
     </span>
    </p>
   </div>
   <div class='ocr_carea' id='block_1_16' title="bbox 858 185 918 221">
    <p class='ocr_par' dir='ltr' id='par_1_34' title="bbox 858 185 918 221">
     <span class='ocr_line' id='line_1_52' title="bbox 858 185 918 221; baseline -0.05 0"><span class='ocrx_word' id='word_1_101' title='bbox 858 185 918 221; x_wconf 66' lang='lat' dir='ltr'>eb.</span> 
     </span>
    </p>
   </div>
   <div class='ocr_carea' id='block_1_17' title="bbox 857 455 920 489">
    <p class='ocr_par' dir='ltr' id='par_1_35' title="bbox 857 455 920 489">
     <span class='ocr_line' id='line_1_53' title="bbox 857 455 920 489; baseline 0 -1"><span class='ocrx_word' id='word_1_102' title='bbox 857 455 920 489; x_wconf 85' lang='lat' dir='ltr'>4b.</span> 
     </span>
    </p>
   </div>
   <div class='ocr_carea' id='block_1_18' title="bbox 855 961 912 995">
    <p class='ocr_par' dir='ltr' id='par_1_36' title="bbox 855 961 912 995">
     <span class='ocr_line' id='line_1_54' title="bbox 855 961 912 995; baseline -0.035 0"><span class='ocrx_word' id='word_1_103' title='bbox 855 961 912 995; x_wconf 85' lang='lat' dir='ltr'>5b.</span> 
     </span>
    </p>
   </div>
   <div class='ocr_carea' id='block_1_19' title="bbox 852 1278 912 1311">
    <p class='ocr_par' dir='ltr' id='par_1_37' title="bbox 852 1278 912 1311">
     <span class='ocr_line' id='line_1_55' title="bbox 852 1278 912 1311; baseline 0 0"><span class='ocrx_word' id='word_1_104' title='bbox 852 1278 912 1311; x_wconf 91' lang='lat' dir='ltr'>6b.</span> 
     </span>
    </p>
   </div>
   <div class='ocr_carea' id='block_1_20' title="bbox 850 1639 907 1672">
    <p class='ocr_par' dir='ltr' id='par_1_38' title="bbox 850 1639 907 1672">
     <span class='ocr_line' id='line_1_56' title="bbox 850 1639 907 1672; baseline 0.018 -1"><span class='ocrx_word' id='word_1_105' title='bbox 850 1639 907 1672; x_wconf 83' lang='lat' dir='ltr'>7b.</span> 
     </span>
    </p>
   </div>
   <div class='ocr_carea' id='block_1_21' title="bbox 847 2000 908 2033">
    <p class='ocr_par' dir='ltr' id='par_1_39' title="bbox 847 2000 908 2033">
     <span class='ocr_line' id='line_1_57' title="bbox 847 2000 908 2033; baseline 0 0"><span class='ocrx_word' id='word_1_106' title='bbox 847 2000 908 2033; x_wconf 72' lang='lat'>810,</span> 
     </span>
    </p>
   </div>
   <div class='ocr_carea' id='block_1_22' title="bbox 939 184 1442 409">
    <p class='ocr_par' dir='ltr' id='par_1_40' title="bbox 942 184 1183 218">
     <span class='ocr_line' id='line_1_58' title="bbox 942 184 1183 218; baseline -0.008 0"><span class='ocrx_word' id='word_1_107' title='bbox 942 184 1008 218; x_wconf 78' lang='lat' dir='ltr'>Sed</span> <span class='ocrx_word' id='word_1_108' title='bbox 1031 184 1183 217; x_wconf 77' lang='lat' dir='ltr'>honestat</span> 
     </span>
    </p>

    <p class='ocr_par' dir='ltr' id='par_1_41' title="bbox 939 231 1089 266">
     <span class='ocr_line' id='line_1_59' title="bbox 939 231 1089 266; baseline -0.007 0"><span class='ocrx_word' id='word_1_109' title='bbox 939 231 1089 266; x_wconf 87' lang='lat' dir='ltr'>munifica</span> 
     </span>
    </p>

    <p class='ocr_par' dir='ltr' id='par_1_42' title="bbox 943 281 1220 320">
     <span class='ocr_line' id='line_1_60' title="bbox 943 281 1220 320; baseline -0.004 -7"><span class='ocrx_word' id='word_1_110' title='bbox 943 282 1080 314; x_wconf 86' lang='lat' dir='ltr'>eundem</span> <span class='ocrx_word' id='word_1_111' title='bbox 1105 281 1220 320; x_wconf 61' lang='lat' dir='ltr'>piem,</span> 
     </span>
    </p>

    <p class='ocr_par' dir='ltr' id='par_1_43' title="bbox 942 328 1340 362">
     <span class='ocr_line' id='line_1_61' title="bbox 942 328 1340 362; baseline -0.003 -1"><span class='ocrx_word' id='word_1_112' title='bbox 942 338 1059 362; x_wconf 85' lang='lat' dir='ltr'>ornans</span> <span class='ocrx_word' id='word_1_113' title='bbox 1084 329 1205 361; x_wconf 68' lang='lat' dir='ltr'>virtute</span> <span class='ocrx_word' id='word_1_114' title='bbox 1231 328 1340 362; x_wconf 81' lang='lat' dir='ltr'>debita</span> 
     </span>
    </p>

    <p class='ocr_par' dir='ltr' id='par_1_44' title="bbox 941 374 1442 409">
     <span class='ocr_line' id='line_1_62' title="bbox 941 374 1442 409; baseline -0.006 0"><span class='ocrx_word' id='word_1_115' title='bbox 941 379 975 409; x_wconf 89' lang='lat' dir='ltr'>in</span> <span class='ocrx_word' id='word_1_116' title='bbox 1000 380 1101 409; x_wconf 85' lang='lat' dir='ltr'>semet</span> <span class='ocrx_word' id='word_1_117' title='bbox 1129 378 1302 409; x_wconf 83' lang='lat' dir='ltr'>clementer</span> <span class='ocrx_word' id='word_1_118' title='bbox 1325 374 1442 408; x_wconf 85' lang='lat' dir='ltr'>refusa.</span> 
     </span>
    </p>
   </div>
   <div class='ocr_carea' id='block_1_23' title="bbox 938 452 1331 925">
    <p class='ocr_par' dir='ltr' id='par_1_45' title="bbox 942 452 1098 487">
     <span class='ocr_line' id='line_1_63' title="bbox 942 452 1098 487; baseline 0 -1"><span class='ocrx_word' id='word_1_119' title='bbox 942 452 1098 487; x_wconf 84' lang='lat' dir='ltr'>Modifica</span> 
     </span>
    </p>

    <p class='ocr_par' dir='ltr' id='par_1_46' title="bbox 942 503 1150 543">
     <span class='ocr_line' id='line_1_64' title="bbox 942 503 1150 543; baseline -0.005 -9"><span class='ocrx_word' id='word_1_120' title='bbox 942 503 1045 543; x_wconf 78' lang='lat' dir='ltr'>patris</span> <span class='ocrx_word' id='word_1_121' title='bbox 1072 511 1150 534; x_wconf 88' lang='lat' dir='ltr'>cura</span> 
     </span>
    </p>

    <p class='ocr_par' dir='ltr' id='par_1_47' title="bbox 941 549 1331 638">
     <span class='ocr_line' id='line_1_65' title="bbox 942 549 1331 591; baseline 0 -10"><span class='ocrx_word' id='word_1_122' title='bbox 942 559 1033 591; x_wconf 85' lang='lat' dir='ltr'>quem</span> <span class='ocrx_word' id='word_1_123' title='bbox 1060 550 1162 582; x_wconf 80' lang='lat' dir='ltr'>tradit</span> <span class='ocrx_word' id='word_1_124' title='bbox 1187 550 1228 582; x_wconf 86' lang='lat' dir='ltr'>ad</span> <span class='ocrx_word' id='word_1_125' title='bbox 1255 549 1331 582; x_wconf 75' lang='lat' dir='ltr'>diva</span> 
     </span>
     <span class='ocr_line' id='line_1_66' title="bbox 941 597 1192 638; baseline 0 -8"><span class='ocrx_word' id='word_1_126' title='bbox 941 598 1051 630; x_wconf 84' lang='lat' dir='ltr'>studia</span> <span class='ocrx_word' id='word_1_127' title='bbox 1074 597 1192 638; x_wconf 83' lang='lat' dir='ltr'>felicia,</span> 
     </span>
    </p>

    <p class='ocr_par' dir='ltr' id='par_1_48' title="bbox 941 645 1137 687">
     <span class='ocr_line' id='line_1_67' title="bbox 941 645 1137 687; baseline -0.005 -9"><span class='ocrx_word' id='word_1_128' title='bbox 941 655 1002 687; x_wconf 87' lang='lat' dir='ltr'>quo</span> <span class='ocrx_word' id='word_1_129' title='bbox 1023 645 1137 678; x_wconf 86' lang='lat' dir='ltr'>intima</span> 
     </span>
    </p>

    <p class='ocr_par' dir='ltr' id='par_1_49' title="bbox 940 694 1222 781">
     <span class='ocr_line' id='line_1_68' title="bbox 940 694 1222 734; baseline -0.004 -8"><span class='ocrx_word' id='word_1_130' title='bbox 940 694 1008 733; x_wconf 84' lang='lat' dir='ltr'>ejus</span> <span class='ocrx_word' id='word_1_131' title='bbox 1034 694 1119 734; x_wconf 85' lang='lat' dir='ltr'>riget</span> <span class='ocrx_word' id='word_1_132' title='bbox 1143 703 1222 726; x_wconf 83' lang='lat' dir='ltr'>arva</span> 
     </span>
     <span class='ocr_line' id='line_1_69' title="bbox 941 742 1033 781; baseline 0.011 -8"><span class='ocrx_word' id='word_1_133' title='bbox 941 742 1033 781; x_wconf 88' lang='lat' dir='ltr'>copia</span> 
     </span>
    </p>

    <p class='ocr_par' dir='ltr' id='par_1_50' title="bbox 941 789 1108 822">
     <span class='ocr_line' id='line_1_70' title="bbox 941 789 1108 822; baseline 0.006 -1"><span class='ocrx_word' id='word_1_134' title='bbox 941 789 1108 822; x_wconf 75' lang='lat' dir='ltr'>dulcisona</span> 
     </span>
    </p>

    <p class='ocr_par' dir='ltr' id='par_1_51' title="bbox 939 838 1111 870">
     <span class='ocr_line' id='line_1_71' title="bbox 939 838 1111 870; baseline 0.006 -1"><span class='ocrx_word' id='word_1_135' title='bbox 939 838 1111 870; x_wconf 84' lang='lat' dir='ltr'>decantata</span> 
     </span>
    </p>

    <p class='ocr_par' dir='ltr' id='par_1_52' title="bbox 938 885 1182 925">
     <span class='ocr_line' id='line_1_72' title="bbox 938 885 1182 925; baseline 0.004 -7"><span class='ocrx_word' id='word_1_136' title='bbox 938 885 1075 918; x_wconf 81' lang='lat' dir='ltr'>Davidis</span> <span class='ocrx_word' id='word_1_137' title='bbox 1100 886 1182 925; x_wconf 77' lang='lat' dir='ltr'>lyra.</span> 
     </span>
    </p>
   </div>
   <div class='ocr_carea' id='block_1_24' title="bbox 934 961 1303 1234">
    <p class='ocr_par' dir='ltr' id='par_1_53' title="bbox 935 961 1215 1051">
     <span class='ocr_line' id='line_1_73' title="bbox 938 961 1215 994; baseline -0.004 0"><span class='ocrx_word' id='word_1_138' title='bbox 938 961 1024 994; x_wconf 89' lang='lat' dir='ltr'>Hinc</span> <span class='ocrx_word' id='word_1_139' title='bbox 1049 965 1215 994; x_wconf 87' lang='lat' dir='ltr'>transacta</span> 
     </span>
     <span class='ocr_line' id='line_1_74' title="bbox 935 1010 1078 1051; baseline -0.007 -9"><span class='ocrx_word' id='word_1_140' title='bbox 935 1010 1078 1051; x_wconf 82' lang='lat' dir='ltr'>pueritia</span> 
     </span>
    </p>

    <p class='ocr_par' dir='ltr' id='par_1_54' title="bbox 934 1058 1303 1234">
     <span class='ocr_line' id='line_1_75' title="bbox 937 1058 1286 1090; baseline -0.003 0"><span class='ocrx_word' id='word_1_141' title='bbox 937 1058 1035 1090; x_wconf 90' lang='lat' dir='ltr'>corde</span> <span class='ocrx_word' id='word_1_142' title='bbox 1058 1060 1189 1089; x_wconf 87' lang='lat' dir='ltr'>manent</span> <span class='ocrx_word' id='word_1_143' title='bbox 1215 1061 1286 1089; x_wconf 85' lang='lat' dir='ltr'>sata</span> 
     </span>
     <span class='ocr_line' id='line_1_76' title="bbox 937 1105 1303 1146; baseline 0 -9"><span class='ocrx_word' id='word_1_144' title='bbox 937 1107 1005 1146; x_wconf 79' lang='lat' dir='ltr'>eJ&#39;us</span> <span class='ocrx_word' id='word_1_145' title='bbox 1030 1106 1142 1146; x_wconf 83' lang='lat' dir='ltr'>penita</span> <span class='ocrx_word' id='word_1_146' title='bbox 1167 1105 1303 1137; x_wconf 86' lang='lat' dir='ltr'>scientia</span> 
     </span>
     <span class='ocr_line' id='line_1_77' title="bbox 934 1153 1207 1193; baseline -0.007 -7"><span class='ocrx_word' id='word_1_147' title='bbox 934 1153 977 1186; x_wconf 84' lang='lat' dir='ltr'>ad</span> <span class='ocrx_word' id='word_1_148' title='bbox 1006 1154 1207 1193; x_wconf 82' lang='lat' dir='ltr'>degustanda</span> 
     </span>
     <span class='ocr_line' id='line_1_78' title="bbox 935 1203 1054 1234; baseline -0.008 0"><span class='ocrx_word' id='word_1_149' title='bbox 935 1203 1054 1234; x_wconf 83' lang='lat' dir='ltr'>suavia.</span> 
     </span>
    </p>
   </div>
   <div class='ocr_carea' id='block_1_25' title="bbox 932 1279 1482 1561">
    <p class='ocr_par' dir='ltr' id='par_1_55' title="bbox 934 1279 1194 1319">
     <span class='ocr_line' id='line_1_79' title="bbox 934 1279 1194 1319; baseline -0.004 -8"><span class='ocrx_word' id='word_1_150' title='bbox 934 1280 965 1311; x_wconf 92' lang='lat' dir='ltr'>A</span> <span class='ocrx_word' id='word_1_151' title='bbox 991 1287 1052 1319; x_wconf 88' lang='lat' dir='ltr'>quo</span> <span class='ocrx_word' id='word_1_152' title='bbox 1079 1279 1194 1311; x_wconf 85' lang='lat' dir='ltr'>dextra</span> 
     </span>
    </p>

    <p class='ocr_par' dir='ltr' id='par_1_56' title="bbox 935 1326 1199 1359">
     <span class='ocr_line' id='line_1_80' title="bbox 935 1326 1199 1359; baseline 0 0"><span class='ocrx_word' id='word_1_153' title='bbox 935 1326 1055 1359; x_wconf 78' lang='lat' dir='ltr'>Christi</span> <span class='ocrx_word' id='word_1_154' title='bbox 1077 1327 1199 1359; x_wconf 85' lang='lat' dir='ltr'>invicta</span> 
     </span>
    </p>

    <p class='ocr_par' dir='ltr' id='par_1_57' title="bbox 932 1374 999 1406">
     <span class='ocr_line' id='line_1_81' title="bbox 932 1374 999 1406; baseline 0 0"><span class='ocrx_word' id='word_1_155' title='bbox 932 1374 999 1406; x_wconf 83' lang='lat' dir='ltr'>tela</span> 
     </span>
    </p>

    <p class='ocr_par' dir='ltr' id='par_1_58' title="bbox 933 1422 1279 1463">
     <span class='ocr_line' id='line_1_82' title="bbox 933 1422 1279 1463; baseline 0 -9"><span class='ocrx_word' id='word_1_156' title='bbox 933 1423 1031 1455; x_wconf 83' lang='lat' dir='ltr'>noxia</span> <span class='ocrx_word' id='word_1_157' title='bbox 1054 1422 1149 1463; x_wconf 83' lang='lat' dir='ltr'>pellit</span> <span class='ocrx_word' id='word_1_158' title='bbox 1175 1432 1279 1461; x_wconf 81' lang='lat' dir='ltr'>versa,</span> 
     </span>
    </p>

    <p class='ocr_par' dir='ltr' id='par_1_59' title="bbox 934 1471 1219 1503">
     <span class='ocr_line' id='line_1_83' title="bbox 934 1471 1219 1503; baseline 0.004 -1"><span class='ocrx_word' id='word_1_159' title='bbox 934 1471 1039 1503; x_wconf 81' lang='lat' dir='ltr'>electa</span> <span class='ocrx_word' id='word_1_160' title='bbox 1065 1471 1140 1503; x_wconf 85' lang='lat' dir='ltr'>dum</span> <span class='ocrx_word' id='word_1_161' title='bbox 1165 1472 1219 1503; x_wconf 77' lang='lat' dir='ltr'>aia</span> 
     </span>
    </p>

    <p class='ocr_par' dir='ltr' id='par_1_60' title="bbox 934 1518 1482 1561">
     <span class='ocr_line' id='line_1_84' title="bbox 934 1518 1482 1561; baseline 0 -10"><span class='ocrx_word' id='word_1_162' title='bbox 934 1518 1113 1560; x_wconf 85' lang='lat' dir='ltr'>triumphat</span> <span class='ocrx_word' id='word_1_163' title='bbox 1126 1519 1331 1561; x_wconf 84' lang='lat' dir='ltr'>corripiendo</span> <span class='ocrx_word' id='word_1_164' title='bbox 1344 1519 1482 1552; x_wconf 78' lang='lat' dir='ltr'>hastilia.</span> 
     </span>
    </p>
   </div>
   <div class='ocr_carea' id='block_1_26' title="bbox 929 1640 1267 1970">
    <p class='ocr_par' dir='ltr' id='par_1_61' title="bbox 929 1640 1104 1672">
     <span class='ocr_line' id='line_1_85' title="bbox 929 1640 1104 1672; baseline -0.006 0"><span class='ocrx_word' id='word_1_165' title='bbox 929 1640 1104 1672; x_wconf 87' lang='lat' dir='ltr'>Innumera</span> 
     </span>
    </p>

    <p class='ocr_par' dir='ltr' id='par_1_62' title="bbox 934 1688 1156 1728">
     <span class='ocr_line' id='line_1_86' title="bbox 934 1688 1156 1728; baseline 0.005 -9"><span class='ocrx_word' id='word_1_166' title='bbox 934 1688 1034 1727; x_wconf 80' lang='lat' dir='ltr'>gessit</span> <span class='ocrx_word' id='word_1_167' title='bbox 1055 1696 1156 1728; x_wconf 83' lang='lat' dir='ltr'>opera</span> 
     </span>
    </p>

    <p class='ocr_par' dir='ltr' id='par_1_63' title="bbox 930 1736 1267 1872">
     <span class='ocr_line' id='line_1_87' title="bbox 932 1736 1203 1768; baseline 0 0"><span class='ocrx_word' id='word_1_168' title='bbox 932 1736 975 1768; x_wconf 85' lang='lat' dir='ltr'>ad</span> <span class='ocrx_word' id='word_1_169' title='bbox 1001 1736 1203 1768; x_wconf 83' lang='lat' dir='ltr'>theoremata</span> 
     </span>
     <span class='ocr_line' id='line_1_88' title="bbox 931 1784 1267 1824; baseline 0.003 -8"><span class='ocrx_word' id='word_1_170' title='bbox 931 1784 1139 1824; x_wconf 83' lang='lat' dir='ltr'>pertinentia,</span> <span class='ocrx_word' id='word_1_171' title='bbox 1166 1784 1267 1817; x_wconf 85' lang='lat' dir='ltr'>multa</span> 
     </span>
     <span class='ocr_line' id='line_1_89' title="bbox 930 1832 1147 1872; baseline 0 -8"><span class='ocrx_word' id='word_1_172' title='bbox 930 1832 974 1865; x_wconf 84' lang='lat' dir='ltr'>ad</span> <span class='ocrx_word' id='word_1_173' title='bbox 998 1832 1147 1872; x_wconf 78' lang='lat' dir='ltr'>activam,</span> 
     </span>
    </p>

    <p class='ocr_par' dir='ltr' id='par_1_64' title="bbox 930 1881 1239 1970">
     <span class='ocr_line' id='line_1_90' title="bbox 930 1881 1239 1921; baseline -0.003 -8"><span class='ocrx_word' id='word_1_174' title='bbox 930 1881 965 1913; x_wconf 88' lang='lat' dir='ltr'>in</span> <span class='ocrx_word' id='word_1_175' title='bbox 990 1883 1127 1921; x_wconf 81' lang='lat' dir='ltr'>utraque</span> <span class='ocrx_word' id='word_1_176' title='bbox 1150 1881 1239 1921; x_wconf 87' lang='lat' dir='ltr'>piam</span> 
     </span>
     <span class='ocr_line' id='line_1_91' title="bbox 932 1929 1217 1970; baseline 0 -9"><span class='ocrx_word' id='word_1_177' title='bbox 932 1931 1045 1961; x_wconf 84' lang='lat' dir='ltr'>nactus</span> <span class='ocrx_word' id='word_1_178' title='bbox 1069 1929 1217 1970; x_wconf 83' lang='lat' dir='ltr'>gratiam.</span> 
     </span>
    </p>
   </div>
   <div class='ocr_carea' id='block_1_27' title="bbox 924 2001 1451 2435">
    <p class='ocr_par' dir='ltr' id='par_1_65' title="bbox 928 2001 1451 2091">
     <span class='ocr_line' id='line_1_92' title="bbox 930 2001 1451 2036; baseline 0.004 -2"><span class='ocrx_word' id='word_1_179' title='bbox 930 2001 1023 2034; x_wconf 82' lang='lat' dir='ltr'>Haec</span> <span class='ocrx_word' id='word_1_180' title='bbox 1045 2003 1161 2034; x_wconf 88' lang='lat' dir='ltr'>merito</span> <span class='ocrx_word' id='word_1_181' title='bbox 1184 2002 1339 2035; x_wconf 82' lang='lat' dir='ltr'>virtutum</span> <span class='ocrx_word' id='word_1_182' title='bbox 1366 2003 1451 2036; x_wconf 78' lang='lat' dir='ltr'>dona</span> 
     </span>
     <span class='ocr_line' id='line_1_93' title="bbox 928 2049 1092 2091; baseline 0.012 -10"><span class='ocrx_word' id='word_1_183' title='bbox 928 2049 1092 2091; x_wconf 76' lang='lat' dir='ltr'>impetrat,</span> 
     </span>
    </p>

    <p class='ocr_par' dir='ltr' id='par_1_66' title="bbox 927 2102 1053 2131">
     <span class='ocr_line' id='line_1_94' title="bbox 927 2102 1053 2131; baseline 0.016 -2"><span class='ocrx_word' id='word_1_184' title='bbox 927 2102 1053 2131; x_wconf 85' lang='lat' dir='ltr'>reserat</span> 
     </span>
    </p>

    <p class='ocr_par' dir='ltr' id='par_1_67' title="bbox 929 2148 1288 2189">
     <span class='ocr_line' id='line_1_95' title="bbox 929 2148 1288 2189; baseline 0.006 -10"><span class='ocrx_word' id='word_1_185' title='bbox 929 2148 984 2188; x_wconf 86' lang='lat' dir='ltr'>qui</span> <span class='ocrx_word' id='word_1_186' title='bbox 1008 2156 1152 2189; x_wconf 86' lang='lat' dir='ltr'>superna</span> <span class='ocrx_word' id='word_1_187' title='bbox 1174 2149 1288 2181; x_wconf 77' lang='lat' dir='ltr'>limina</span> 
     </span>
    </p>

    <p class='ocr_par' dir='ltr' id='par_1_68' title="bbox 927 2197 1064 2236">
     <span class='ocr_line' id='line_1_96' title="bbox 927 2197 1064 2236; baseline 0.007 -8"><span class='ocrx_word' id='word_1_188' title='bbox 927 2197 1064 2236; x_wconf 84' lang='lat' dir='ltr'>praedia</span> 
     </span>
    </p>

    <p class='ocr_par' dir='ltr' id='par_1_69' title="bbox 924 2245 1060 2285">
     <span class='ocr_line' id='line_1_97' title="bbox 924 2245 1060 2285; baseline 0.015 -9"><span class='ocrx_word' id='word_1_189' title='bbox 924 2245 1060 2285; x_wconf 85' lang='lat' dir='ltr'>propria</span> 
     </span>
    </p>

    <p class='ocr_par' dir='ltr' id='par_1_70' title="bbox 925 2294 1205 2333">
     <span class='ocr_line' id='line_1_98' title="bbox 925 2294 1205 2333; baseline 0.014 -8"><span class='ocrx_word' id='word_1_190' title='bbox 925 2295 982 2333; x_wconf 81' lang='lat' dir='ltr'>qui</span> <span class='ocrx_word' id='word_1_191' title='bbox 1006 2294 1066 2327; x_wconf 86' lang='lat' dir='ltr'>sub</span> <span class='ocrx_word' id='word_1_192' title='bbox 1090 2305 1205 2329; x_wconf 84' lang='lat' dir='ltr'>norma</span> 
     </span>
    </p>

    <p class='ocr_par' dir='ltr' id='par_1_71' title="bbox 925 2340 1083 2375">
     <span class='ocr_line' id='line_1_99' title="bbox 925 2340 1083 2375; baseline 0 0"><span class='ocrx_word' id='word_1_193' title='bbox 925 2340 1083 2375; x_wconf 81' lang='lat' dir='ltr'>fabricam</span> 
     </span>
    </p>

    <p class='ocr_par' dir='ltr' id='par_1_72' title="bbox 925 2391 1448 2435">
     <span class='ocr_line' id='line_1_100' title="bbox 925 2391 1448 2435; baseline 0.01 -12"><span class='ocrx_word' id='word_1_194' title='bbox 925 2393 1081 2425; x_wconf 89' lang='lat' dir='ltr'>struendo</span> <span class='ocrx_word' id='word_1_195' title='bbox 1109 2391 1226 2425; x_wconf 84' lang='lat' dir='ltr'>tribuit</span> <span class='ocrx_word' id='word_1_196' title='bbox 1248 2392 1308 2425; x_wconf 89' lang='lat' dir='ltr'>sub</span> <span class='ocrx_word' id='word_1_197' title='bbox 1335 2401 1448 2435; x_wconf 85' lang='lat' dir='ltr'>aequa.</span> 
     </span>
    </p>
   </div>
  </div>
 </body>
</html>
