1655 2637
695 108 932 145 ἐ54.--

584 267 631 299 38.
667 265 702 298 In
722 264 904 306 Epiphania
921 262 1055 296 Domini.

156 369 213 403 la.
239 366 387 409 Allemja
846 364 904 400 lb«
927 364 1048 396 Laude
1072 362 1168 395 beata

237 417 340 449 nostri
363 419 492 456 promat·
928 412 1064 452 propria
1084 410 1154 443 Deo
1180 410 1255 443 retl-

289 464 377 497 chori
402 466 531 497 caterva
979 460 1058 492 dens
1083 462 1168 491 vota.

157 542 212 574 2a.
241 540 393 574 Concinat
846 537 903 570 2b.
929 536 1077 570 Gaudeat

237 589 311 629 ipsa
334 589 420 620 laeta
929 584 1098 624 omnigena

237 635 379 668 melodia
929 631 1023 672 plebs
1047 631 1220 671 redempta

240 692 356 716 sonora
930 689 990 720 per
1013 679 1123 721 ampla

241 740 334 764 sacra
357 731 538 770 praeconia.
930 728 1056 760 telluris
1081 726 1196 767 spatia.

157 810 213 842 Sa.
241 807 431 839 Laetabuda
848 804 908 837 3¹0.
929 804 970 836 In
996 812 1058 843 qua
1082 804 1178 842 plura

243 855 311 887 dies
336 854 410 895 quia
929 850 992 883 Dei
1018 853 1132 883 sonant

240 910 324 934 nunc
348 902 470 941 rutilat,
929 898 1085 938 mysteria

238 949 426 989 Epiphania
928 946 1084 978 trinitatis
1111 949 1143 977 et

156 1075 212 1108 4a.

240 996 359 1030 Christi
385 996 542 1030 dedicata.

238 1073 406 1105 Adoratur
430 1072 484 1105 hie
506 1073 594 1105 intra

239 1121 363 1161 positus
390 1120 557 1160 cunabula,

238 1168 324 1201 salus
349 1166 453 1200 factus
479 1168 600 1210 inclita,

241 1216 382 1257 gentium
408 1218 441 1247 et
463 1224 521 1247 rex

238 1264 400 1303 imperans
427 1264 543 1296 omnia.

846 1071 906 1103 4b.

931 993 1033 1035 gloria
1058 994 1162 1026 unica.

930 1070 1002 1102 Hac
1027 1078 1153 1110 quoque
1179 1070 1232 1102 die
1255 1070 1328 1110 ipsa

931 1117 1113 1150 sanctificat
1131 1117 1265 1150 flumina

930 1166 1019 1198 lavat
1045 1169 1076 1198 et
1102 1166 1247 1199 membra
1271 1174 1344 1205 sua,

931 1214 1056 1246 diluens
1080 1216 1191 1246 nostra

931 1259 1027 1294 foeda
1052 1262 1251 1301 peccamina.

157 1344 214 1375 5a.
239 1341 303 1372 Hie
327 1339 458 1380 antiqua
848 1339 905 1373 6a.
933 1338 1124 1378 Baptizatur

240 1389 412 1420 renovatur
933 1385 1079 1418 Christus
1104 1386 1238 1426 lympha

237 1437 304 1476 jam
327 1437 454 1474 natura,
932 1437 967 1465 et
989 1434 1129 1466 humana

240 1492 334 1524 quam
358 1482 469 1523 iniqua
934 1481 1075 1514 conditio

242 1531 391 1564 foedarat
933 1538 953 1561 a
976 1537 1062 1561 noxa

241 1580 318 1612 olim
341 1578 512 1611 sententia.
932 1581 1090 1619 purgatur
1117 1577 1238 1609 dolosa.

159 1657 215 1689 7a.
242 1656 322 1688 Mox
347 1655 480 1694 spiritus
852 1655 870 1687 7
878 1653 909 1686 b.
933 1653 1046 1687 Proles
1074 1662 1147 1686 mea

243 1711 341 1744 super
365 1711 449 1742 aqua
935 1701 1016 1734 haec
1042 1702 1171 1740 dilecta,

162 2020 217 2052 8a,

242 1761 314 1784 man
318 1754 351 1783 et
374 1752 504 1782 sanctus

936 1758 1033 1790 quam
1056 1750 1152 1791 genui

241 1801 428 1832 consecrata
935 1802 1012 1831 ante
1035 1798 1161 1840 saecla3

242 1847 343 1880 veluti
368 1846 515 1878 columba
938 1846 1062 1879 credite
1083 1846 1117 1879 in
1140 1846 1221 1889 ipsa,

241 1895 367 1927 intonat
937 1897 987 1926 est
1011 1895 1086 1934 quia

242 1951 280 1974 ac
304 1950 384 1974 voce
407 1943 559 1982 paterna:

244 2019 324 2051 Post
347 2017 506 2057 nuptialia

243 2066 328 2098 inter
353 2065 502 2097 convivia

854 2017 914 2052 81).

242 2114 277 2145 in
301 2113 410 2145 vinum
437 2113 572 2145 vertitur
596 2122 681 2153 aqua

935 1942 1014 1974 mihi
1040 1942 1243 1982 complacita.

936 2018 1009 2050 Hac
1033 2019 1153 2050 virtute
1178 2027 1237 2050 sua

936 2064 1064 2106 perfrui
1089 2066 1195 2106 gloria

938 2113 1038 2147 faciat
1062 2122 1121 2146 nos
1146 2115 1307 2154 perpetua

242 2161 339 2202 huJ‘us
364 2161 447 2193 mira
470 2161 624 2200 potentia.
937 2161 1018 2202 ipse,
1046 2160 1100 2202 qui
1125 2164 1239 2202 regnat
1265 2164 1399 2193 aeterna

591 2239 622 2270 9.
649 2237 784 2277 Semper
808 2238 843 2270 in
868 2238 985 2271 saecla.

238 2314 282 2341 Cb
302 2313 353 2341 fol.
373 2309 447 2340 2712.
468 2326 505 2331 —
525 2312 660 2348 Sequenz
681 2313 737 2340 mit
754 2312 909 2349 doppelter
927 2313 1108 2342 lutonation.
1130 2330 1168 2334 ——
1188 2311 1240 2348 5a,
1262 2311 1280 2341 5
1300 2313 1443 2341 foederat.
1460 2330 1500 2335 —-

161 2351 215 2387 71³,
237 2350 256 2380 3
275 2353 386 2388 genuit.
407 2366 443 2370 ——
466 2348 520 2386 8b,
542 2348 559 2377 2
580 2350 713 2387 perh-uit.
