1655 2637
174 391 231 426 aa.

175 546 236 578 3a.

175 748 237 780 4a.

174 901 230 933 5a.

172 1149 233 1182 6a.

173 1494 229 1525 7a.

171 1743 228 1775 821.

168 2042 223 2076 ea.

706 84 968 122 —199-

586 198 642 231 181.
683 199 727 231 De
748 207 779 231 ss
809 199 905 231 Petro
931 199 963 232 et
981 199 1089 232 Paulo.

638 289 668 321 1.
697 287 833 322 Sanetus
858 288 975 322 Petrus

699 340 731 369 et,
755 345 888 378 magnus
915 337 1045 376 Paulus,

258 391 416 424 Doctores
442 393 531 426 orbis

256 440 429 479 praeclara

261 491 358 529 atque
382 489 494 522 mundi
517 490 648 530 lumina,

264 545 380 578 Petrus
406 546 611 588 Jerosolyma

259 602 375 633 magno
400 592 514 627 favore
536 595 650 635 populi

264 644 430 674 corruscat

260 697 375 730 gerens
400 690 567 724 miracula.

266 745 420 787 Confligit.
444 748 539 779 docte
562 748 679 780 Petrus

259 803 330 826 cum
355 794 485 827 Simone
509 804 612 836 mago,
639 799 789 835 potenter

259 851 352 883 quem
375 843 510 875 retrusit
531 844 565 876 in
590 846 723 877 tartara.

259 899 342 932 Olim
365 898 433 943 jam
459 901 591 934 Petrum
617 901 762 934 Christus

259 947 465 987 navigantem
489 957 549 988 per
573 949 676 981 undas

258 996 386 1028 vocavit
410 1004 491 1028 voce
515 996 672 1036 benigna:

256 1043 400 1082 piscator
423 1044 586 1076 hominum

260 1091 334 1129 eris,
362 1092 389 1122 si
414 1100 465 1123 me
490 1092 580 1132 sequi
607 1100 709 1125 curas.

262 1148 358 1181 Celsa
381 1148 530 1188 polorum

256 1196 383 1236 agmina
407 1196 604 1238 angelorum,

255 1251 337 1283 quae
361 1244 525 1276 laetantur
552 1244 663 1278 videre

256 1290 428 1331 Christum,
456 1292 518 1324 Dei

255 1338 367 1379 filium,
395 1349 487 1381 quem
515 1341 630 1373 Petrus

250 1388 285 1419 in
310 1388 407 1420 terris
434 1386 600 1421 confessus
627 1392 674 1421 est

253 1444 332 1468 voce
357 1436 542 1477 praecipua.

256 1492 371 1525 Petrus
397 1493 437 1526 ab
464 1494 597 1527 Herode
623 1498 735 1534 captus

256 1540 395 1573 vinculis

253 1597 354 1620 nexus
382 1589 528 1622 custodia

254 1636 294 1668 ab
320 1637 435 1677 angelo
459 1636 619 1670 liberatur

256 1685 440 1725 gratulante
466 1685 612 1718 ecclesia.

257 1741 373 1774 Petrus
402 1742 540 1783 denique

252 1799 347 1822 aures
371 1791 488 1831 pandit
511 1792 653 1832 obtusas,

257 1847 395 1880 corpora
419 1840 631 1881 redintegrat,

256 1887 379 1920 animas
404 1887 566 1929 purificat,

254 1935 357 1968 caecis
382 1936 491 1969 lumen
513 1939 661 1977 praestat

253 1985 414 2024 cordaque
439 1987 542 2018 sanat.

253 2041 326 2074 Tali
351 2042 426 2074 dum
450 2042 577 2083 pollent
599 2040 729 2083 famine,

253 2091 394 2123 saeelum
421 2091 574 2123 amittunt
601 2091 691 2123 rabie

249 2138 445 2172 Neroniana.

871 393 928 426 212.

870 546 927 579 3b.

868 747 927 780 410.

870 900 929 934 5b.

869 1147 928 1182 eb.

870 1493 926 1527 7b.

868 1742 929 1777 Sb.

868 2042 926 2076 9b.

952 394 1091 434 Superni
1115 395 1200 435 regis

952 442 1130 482 praesules,

951 493 1121 522 narrantes
1148 489 1230 522 coeli
1254 490 1398 531 gloriam.

950 546 995 578 Et
1019 547 1138 580 Paulus
1163 547 1196 579 in
1223 546 1361 580 Graecia

953 594 1217 635 philosophorum
1242 598 1377 635 pectora

950 643 1107 675 miranter

953 688 1033 722 facit
1056 690 1229 731 stupentia.

948 747 1115 780 Resistens
1140 749 1252 780 sancto
1274 746 1377 780 Paulo

950 804 1060 836 magus
1084 795 1218 835 Elymas
1242 798 1431 836 arroganter

954 843 1016 876 duo
1040 843 1148 875 amisit
1168 844 1300 876 lumina.

954 900 998 933 Et
1020 900 1158 933 Paulum
1179 901 1252 941 ipse
1277 899 1423 932 Christus

951 946 1202 980 inflammantem
1228 948 1385 980 Judaeum

953 995 994 1027 de
1020 996 1107 1027 coelo
1135 996 1287 1028 clamavit
1313 996 1441 1027 dicens:

952 1041 1069 1075 faciam
1092 1044 1221 1075 doctum
1246 1052 1303 1076 vas

952 1095 984 1123 te
1007 1090 1088 1122 mihi
1115 1091 1264 1123 doctrina
1288 1099 1377 1123 sana.

954 1146 1044 1180 Coeli
1068 1151 1195 1181 secreta

950 1197 1135 1236 penetravit
1158 1200 1190 1228 et
1214 1196 1344 1235 Paulus,

951 1244 1094 1284 gentium
1118 1244 1224 1277 clarus
1250 1245 1372 1283 doctor,

951 1292 1115 1331 sapienter

951 1339 1106 1372 mundum
1132 1340 1305 1379 irradians,

951 1387 994 1420 ad
1018 1387 1120 1420 vitam
1143 1391 1336 1428 perpetuam

953 1436 1092 1468 caelibes
1116 1435 1267 1469 invitans.

951 1493 1070 1527 Paulus
1094 1503 1114 1525 a
1139 1493 1273 1526 Judaeis
1299 1496 1406 1525 tentus

951 1542 1140 1574 convinctus

953 1589 1123 1624 Caesarem
1148 1589 1304 1632 appellat,

951 1638 1042 1670 miris
1067 1637 1168 1679 signis
1193 1636 1297 1678 fulget
1319 1645 1421 1677 usque

950 1686 1084 1719 Romam
1110 1686 1192 1718 mari
1217 1689 1315 1726 atque
1338 1689 1435 1718 terra.

953 1743 1073 1776 Paulus
1100 1743 1218 1776 deinde

950 1800 1057 1824 mores
1084 1790 1210 1824 confert
1232 1791 1394 1832 honestos,

948 1839 1107 1881 justitiam
1132 1839 1312 1880 praedicat,

950 1889 1159 1929 prudentiam
1187 1888 1327 1930 dedicat,

950 1936 1146 1970 fortissimus
1170 1937 1281 1979 instat,

952 1989 1066 2019 cuneta
1091 1988 1260 2026 temperat.

949 2043 1062 2083 Regna
1085 2046 1201 2085 petunt
1226 2045 1386 2084 coelestia,

948 2090 1052 2124 Nobis
1078 2096 1245 2133 praestent
1270 2092 1434 2135 suffragia,

950 2141 1125 2174 Precamur
1149 2150 1270 2176 omnes,

641 2199 695 2232 10.
725 2197 779 2231 Sic
803 2197 870 2242 fiat,
896 2199 1012 2232 Amen.

243 2275 270 2303 A
291 2274 340 2303 fol.
363 2272 442 2303 581).
467 2289 504 2294 —
525 2275 549 2303 B
570 2274 622 2303 fol.
644 2272 702 2303 212
714 2284 740 2303 a.
761 2290 799 2295 —
818 2274 860 2303 Ob
881 2275 931 2304 foi.
956 2274 991 2304 61
1004 2284 1030 2304 a.
1048 2292 1086 2297 --
1108 2277 1136 2305 D
1157 2276 1207 2305 fol.
1229 2275 1325 2305 12111.
1348 2293 1385 2298 —-
1404 2277 1433 2305 Ε
1452 2277 1504 2306 fol.

161 2310 218 2341 282
230 2322 256 2342 a.
277 2328 315 2333 —
336 2313 361 2342 F
387 2313 438 2343 fol.
464 2311 520 2342 120
532 2314 559 2342 b.
581 2329 619 2334 —
638 2314 668 2343 Κ
694 2315 744 2343 fol.
768 2313 862 2344 187b.
884 2329 920 2334 -—
942 2316 968 2343 L
995 2315 1045 2343 fol.
1069 2313 1125 2343 124
1135 2316 1163 2343 b.
1184 2332 1223 2337 —-·
1243 2316 1268 2344 P
1296 2316 1345 2344 fol.
1366 2315 1403 2344 79
1416 2317 1444 2345 b.
1466 2331 1504 2337 —

159 2350 226 2387 2a,
252 2350 271 2380 2
298 2356 387 2391 atque
414 2353 571 2391 praeclara
598 2353 686 2382 A-P.
708 2369 747 2374 —
769 2351 833 2389 2b,
867 2351 886 2383 3
914 2355 991 2383 coeli
1017 2355 1116 2391 gloria
1133 2355 1220 2392 ΛΟΜ
1242 2358 1401 2384 narrantur
1427 2355 1506 2385 coeli

160 2391 258 2428 gloria
272 2392 337 2423 BF:
359 2395 516 2421 narrantes
537 2392 680 2422 eoelestia
693 2393 731 2421 D.
753 2410 791 2414 -—
812 2391 868 2430 33,
893 2390 911 2423 3
932 2402 1107 2423 corruscans
1128 2394 1168 2430 B;
1191 2403 1330 2423 con-usca
1342 2395 1449 2424 CbKP.
1467 2410 1504 2415 —
