1655 2637
775 140 1036 176 —186—

274 236 331 269 5a.
358 237 472 269 Ardua
494 235 582 270 facta
605 242 661 272 tua

265 577 322 611 6a.

271 821 324 852 7a.

265 1063 322 1095 8a.

264 1400 320 1432 9a.

237 1739 316 1774 1011.

354 285 507 329 potentia,
536 286 672 329 Christe,
697 290 753 319 tua

354 333 472 366 mundo
498 337 625 367 ostensa

352 380 386 412 in
411 381 536 414 Judaea

354 429 425 469 ipse
449 431 555 462 omnia

356 485 485 509 cernere
509 478 626 510 meruit

357 525 389 556 in
414 527 607 565 praesentia.

348 577 482 610 Arbiter
509 581 544 610 tu
570 580 689 612 coelica

352 626 415 665 ipsi
439 626 557 659 dedisti
582 627 688 659 omnia

352 673 478 705 solvere
502 683 540 706 ac
562 676 669 707 terrea

352 729 390 752 ac
414 721 554 753 retinere
578 723 640 755 sibi

352 771 513 808 potestate
536 770 669 802 tradita.

349 820 527 853 Adoranda
551 822 688 860 trinitas,

350 871 385 899 tu
410 868 546 909 simplex
570 869 650 909 usia,

350 916 450 947 mittis
471 916 567 956 longa

350 966 438 994 tuum
463 972 522 1004 per
549 964 679 996 climata

348 1010 533 1043 Martialem
559 1012 701 1046 occidua.

348 1063 402 1095 Ad
430 1063 580 1105 dogmata

347 1120 441 1150 quam
468 1112 621 1144 coelestia

344 1158 490 1191 subdidit
513 1159 584 1200 tibi,
611 1162 727 1197 rector,

344 1205 505 1239 Martialis
529 1216 589 1247 per
614 1207 752 1248 saecula,

346 1254 476 1286 numina
502 1255 631 1287 diruens
657 1254 741 1287 falsa

347 1302 523 1345 praecelsa,
550 1312 618 1343 rex,

347 1349 466 1381 virtute
488 1353 553 1382 tua.

347 1401 497 1434 Almifica

347 1449 473 1489 pollens
497 1449 600 1483 iufula

963 238 1021 272 5b.

957 580 1016 613 610.

957 823 1015 857 7b.

954 1066 1015 1099 81).

953 1404 1011 1437 9b.

1046 239 1156 279 Agnus
1182 237 1255 274 Dei,
1283 237 1336 278 qui
1361 240 1472 270 nostra

1043 287 1166 319 diluisti
1190 284 1346 324 facinora,

1043 335 1085 367 ad
1109 337 1166 367 tua
1190 342 1286 366 saera

1041 383 1208 423 paschalia

1041 431 1095 463 hic
1121 429 1268 463 convivia

1042 479 1103 511 tibi
1129 477 1275 511 exhibuit

1041 527 1239 559 linteamina.

1040 579 1092 611 Ab
1118 587 1193 612 arce
1218 579 1285 619 poli
1310 588 1434 611 summa

1039 630 1104 660 tum
1132 626 1281 668 paracliti
1307 636 1440 659 munera

1038 676 1198 715 promissa
1225 684 1245 708 a
1269 678 1302 706 te
1328 678 1446 716 captat,

1040 732 1121 764 quae
1145 733 1166 756 a
1189 725 1222 754 te
1245 727 1438 763 perceperat

1038 771 1093 802 hie
1117 775 1212 803 antea
1234 771 1270 803 in
1293 773 1391 804 terra.

1036 823 1228 863 Applaudat
1251 824 1338 856 unde
1361 824 1435 864 ipsa

1036 879 1094 903 rex
1118 871 1179 903 tibi
1205 869 1313 903 Gallia

1038 918 1109 958 ipso
1139 919 1235 951 docta

1039 975 1110 997 cum
1134 966 1312 1007 Aquitania

1039 1014 1155 1046 devota
1177 1013 1238 1047 tibi
1262 1014 1378 1053 patria.

1038 1068 1148 1106 Agens
1174 1065 1258 1098 festa

1037 1113 1247 1146 celeberrima

1035 1162 1103 1194 alta
1127 1170 1225 1202 super
1249 1162 1368 1203 sidera,

1035 1210 1247 1250 omnipotens,
1273 1210 1334 1243 tibi
1360 1214 1415 1244 tua

1035 1258 1197 1289 melodum
1221 1261 1344 1299 pangat
1369 1260 1510 1293 carmina

1035 1305 1198 1337 Martialis

1035 1362 1094 1393 per
1119 1353 1285 1386 solemnia.

1034 1405 1179 1446 Athleta‚
1205 1415 1271 1445 pax

1034 1453 1095 1485 tibi
1120 1454 1163 1485 sit
1186 1454 1288 1486 multa

347 1498 524 1536 apostolica
1035 1505 1066 1532 et
1090 1500 1227 1544 infinita,

345 1553 404 1584 per
428 1547 461 1577 te
485 1553 603 1585 supera
627 1554 796 1578 scansurus
1035 1549 1199 1581 carissime
1224 1548 1338 1592 frater,
1364 1553 1449 1593 veni,

343 1601 471 1635 arcana,
1032 1599 1168 1637 penetra

346 1639 484 1681 Christe,
511 1645 566 1673 tua

343 1690 481 1728 sumpsit
504 1689 557 1721 hic
582 1690 729 1722 oracula:

343 1741 483 1781 Agmina
507 1742 651 1783 angelica

342 1788 428 1821 inter
454 1790 542 1822 clara
565 1794 672 1822 tecum
696 1792 771 1832 alta,

343 1836 549 1878 Christe‚tum
556 1838 730 1871 scanditad
736 1837 863 1880 aethra3

342 1893 360 1916 0
387 1893 481 1925 quam
505 1885 711 1927 praefulgida

342 1932 519 1973 discipulus
543 1937 616 1966 tuus
642 1935 746 1975 gloria

925 1746 1009 1781 lob.

1031 1654 1131 1685 regna
1154 1654 1227 1678 mea

1030 1693 1092 1725 tibi
1114 1694 1181 1733 jam
1205 1699 1410 1735 praeparata.

1029 1746 1192 1779 Adhaesit
1214 1747 1275 1779 tibi
1300 1749 1385 1789 quia,

1034 1803 1095 1834 per
1119 1798 1153 1827 te
1177 1795 1310 1836 reliquit
1334 1798 1450 1839 omnia,

1033 1852 1052 1874 a
1076 1845 1110 1874 te
1134 1844 1249 1876 missus
1276 1847 1326 1876 est
1352 1845 1463 1878 divina

1031 1892 1224 1930 praedicare
1243 1901 1352 1933 regna,

1033 1940 1122 1979 ouJ'us
1148 1940 1348 1981 apostolatus
1375 1941 1452 1974 data

341 1982 373 2011 et
399 1982 563 2020 apostolus

342 2026 479 2069 fulgebit
501 2030 573 2070 ipse
597 2039 657 2070 per
681 2029 819 2063 saecula.

575 2083 629 2115 11.
659 2082 804 2115 Assidua

662 2131 750 2170 eujus
775 2139 883 2174 prece,
911 2142 969 2166 rex
993 2139 1116 2177 nostra,

659 2178 805 2218 placatus

656 2227 755 2267 junge
780 2234 850 2259 cum
876 2231 996 2262 sanetis
1021 2233 1106 2266 vota.

307 2279 359 2307 Cb.
379 2279 430 2307 fol.
451 2279 504 2308 5b.
525 2296 564 2300 —
583 2281 613 2308 H
633 2282 684 2310 fol.
705 2280 742 2311 98
763 2291 789 2310 a.
810 2298 847 2302 —
869 2285 899 2313 K
917 2286 967 2314 fol.
988 2285 1043 2315 241
1067 2289 1096 2316 b.
1116 2304 1154 2308 -—
1174 2289 1199 2318 P
1219 2289 1269 2317 fol.
1290 2287 1329 2318 84
1349 2290 1378 2318 b.
1398 2306 1436 2309 —
1457 2288 1515 2326 2b,
1536 2291 1554 2319 7

227 2316 397 2346 cathedram
418 2318 452 2346 P.
477 2333 515 2337 —
535 2318 592 2354 6b,
617 2319 630 2347 1
653 2321 699 2349 Ab
722 2329 789 2349 aree
808 2323 884 2351 coeli
904 2325 943 2352 H.
966 2342 998 2345 —
1025 2325 1083 2362 6b‚
1106 2327 1123 2355 5
1143 2328 1189 2361 H;
1219 2331 1288 2356 ante
1307 2328 1376 2358 HK.
1395 2345 1436 2349 ——-
1455 2330 1515 2366 71),
1536 2330 1554 2359 2

227 2357 286 2385 tibi
305 2365 357 2384 rex
377 2357 411 2384 P.
432 2373 469 2377 ——
492 2355 565 2394 loa,
591 2356 609 2385 2
629 2360 707 2387 inter
729 2360 810 2388 clara
828 2362 903 2390 fehlt
921 2363 986 2392 ΗΡ.
1008 2380 1045 2384 -
1066 2364 1143 2401 103.,
1167 2364 1185 2395 3
1207 2365 1324 2395 Christe
1344 2367 1414 2395 dum
1433 2369 1497 2398 ΗΡ.
1517 2386 1557 2391 —

226 2393 294 2430 lOa,
318 2395 334 2423 7
357 2395 457 2423 saecla
475 2396 540 2424 ΗΡ.
562 2413 600 2417 --
619 2398 699 2426 Titel
720 2398 771 2427 der
792 2399 939 2437 Sequenz:
960 2403 1023 2438 „De
1043 2404 1188 2440 Alleluja:
1214 2406 1280 2432 Non
1295 2415 1343 2433 vos
1361 2415 1403 2433 me
1421 2407 1554 2443 oleqsstiff

224 2434 270 2470 H3
292 2434 373 2462 diese
394 2434 485 2463 Prose
505 2435 558 2463 hat
577 2436 630 2464 das
650 2437 832 2475 Besondere,
859 2439 922 2468 dass
944 2442 1099 2471 samfliohe
1114 2444 1260 2472 Klauseln
1279 2446 1336 2472 mit
1348 2445 1375 2473 A
1395 2446 1553 2484 beginnen.

1031 1990 1107 2019 sunt
1130 1988 1295 2029 signacula

1033 2034 1140 2068 Gallia
1166 2044 1236 2068 eum
1262 2037 1446 2077 Aquitania.
