1655 2637
640 96 906 132 —107—

105 189 163 222 3a.
191 189 287 223 Nunc
310 193 383 225 tuos
409 190 558 234 famulos,
805 194 863 228 3b.
886 195 954 235 Quo
979 204 1107 235 semper
1134 195 1267 228 dextera

191 238 276 271 alme
300 249 370 281 rex,
397 249 417 272 a
443 240 571 274 delictis
887 245 944 275 tua
967 243 1059 284 salvi,
1084 243 1223 284 protecti

191 286 332 320 clemens
356 288 488 330 munda,
888 291 988 323 melos
1014 291 1165 326 reddant.

105 344 163 379 4a.
192 343 306 378 Gloria
330 349 363 379 et
386 347 489 380 honor
804 347 864 382 4b.
893 348 953 387 Qui
977 349 1070 381 sedes
1096 348 1139 382 ad
1165 350 1311 381 dextram

191 392 264 433 tibi,
291 395 370 428 Jesu
395 395 488 438 bone,
888 396 993 436 patris
1018 397 1052 429 in
1079 397 1214 429 excelsis

190 440 327 485 infinita,
890 452 988 484 super
1013 447 1112 479 astra.

109 498 164 531 5a.
191 498 360 539 Angelicis
387 500 493 533 choris
806 501 866 534 5b.
893 501 972 533 Post
995 502 1102 533 labem
1129 501 1233 534 effecti

194 545 336 587 digneris
889 548 1028 581 coelibes

192 603 288 626 voces
314 595 492 637 adjungere
892 597 1012 629 coelica
1035 596 1160 638 perfrui

191 651 278 674 nuno
299 646 439 684 nostras,
888 644 1016 684 gaudia.

109 700 165 732 6a.
193 699 233 733 In
258 709 322 740 qua
342 701 463 741 jugiter
806 701 867 735 6b.
895 701 1034 741 Quorum
1060 701 1192 734 obtentu

192 751 345 788 promunt
371 749 459 781 clara
890 752 923 781 te
947 749 1111 790 supplices

193 795 298 828 sancti
323 797 518 837 rhythmica,
889 798 1028 837 petimus
1055 807 1128 830 una.

109 853 166 887 7a.
193 853 403 887 Proclamans
430 853 511 886 dicit
806 854 865 888 7b.
889 855 962 887 Jam
987 855 1140 887 miserere

191 900 275 933 haee
295 911 359 934 vox
381 905 512 934 nostra:
890 903 942 934 cui
967 899 1049 940 ὁόξα

540 960 571 992 8.
598 960 680 1000 Regi
704 968 838 1000 regnum
865 959 961 994 celsa.

597 1007 750 1048 Alleluja.

184 1072 215 1101 K
233 1073 284 1101 fol.
314 1070 407 1101 2101).
430 1087 462 1092 —-
485 1073 519 1100 M
537 1072 587 1101 fol.
613 1070 704 1100 1963..
723 1087 763 1092 —
781 1072 806 1101 P
826 1072 878 1100 fol.
903 1070 993 1101 10921.
1015 1088 1049 1093 —
1073 1072 1100 1109 l,
1122 1072 1140 1100 2
1160 1082 1234 1102 arva
1255 1074 1375 1101 BKHP.
1403 1089 1444 1093 —

106 1108 159 1149 Za,
183 1110 197 1138 1
215 1111 252 1138 In
274 1119 333 1147 qua
350 1111 383 1139 P.
406 1126 443 1131 -
466 1108 518 1145 31),
539 1109 559 1138 4
579 1111 631 1139 das
653 1111 786 1139 Weitere
804 1110 880 1139 fehlt
891 1111 925 1139 P.
947 1126 986 1131 --
1008 1112 1057 1148 ‘3³7
1082 1109 1096 1138 1
1119 1113 1155 1140 1n
1170 1120 1230 1148 qua
1239 1111 1307 1148 jugi
1319 1112 1389 1140 ΚΜ.
1405 1126 1442 1130 -

106 1149 346 1185 Uberarbeitung
365 1158 425 1177 von
444 1149 496 1178 Nr.
517 1148 563 1178 51.

579 1261 625 1294 94.
666 1261 711 1293 De
731 1262 842 1293 saneta
863 1270 963 1294 eruce.

593 1342 623 1375 1.
651 1342 730 1374 Alte
754 1351 817 1374 vox
844 1345 938 1375 canat

653 1390 757 1422 duleis
784 1398 823 1423 ae
846 1398 937 1423 mera

105 1450 163 1481 aa.
191 1447 279 1482 Cleri
305 1447 449 1480 canentis
805 1447 867 1483 210.
892 1447 1003 1480 Crucis
1029 1448 1153 1481 aeterni

189 1504 360 1529 camoenas
887 1505 1022 1529 sonoras

190 1545 279 1577 clara
301 1553 362 1585 per
387 1544 530 1585 stipadia
888 1545 973 1586 regis
997 1545 1192 1585 palinodias,

105 1604 161 1637 3a.
191 1602 280 1641 Quae
306 1601 428 1634 Christi
455 1601 562 1634 dicata
805 1602 864 1635 31).
890 1601 1034 1634 Callidas
1063 1602 1208 1642 geri-onis

187 1649 342 1682 membris
369 1650 530 1690 exstirpat
887 1651 1022 1691 pulchre
1046 1650 1178 1683 sutelas.

103 1712 162 1743 4a.
190 1707 333 1742 Gemmis
360 1709 475 1740 ornata
803 1708 862 1742 41).
889 1708 1060 1751 Mysteria‚
1088 1716 1170 1748 quae

188 1758 315 1797 lampat
339 1756 421 1789 haee
445 1755 521 1788 aula
889 1756 1041 1797 eontinet,
1067 1759 1180 1788 nostra

189 1805 300 1838 divina
324 1807 362 1836 ut
386 1806 485 1837 astra.
887 1813 950 1837 non
976 1804 1045 1844 quit
1070 1802 1135 1836 fari
1160 1804 1265 1837 turba.

104 1866 162 1898 5a.
189 1862 283 1896 Thau
307 1862 405 1895 litera
805 1862 863 1896 5b.
889 1861 996 1895 Corda
1020 1862 1198 1904 roborans;

187 1911 247 1944 sed
273 1913 322 1943 est
350 1910 409 1942 illa
887 1912 957 1943 laus
985 1909 1112 1943 Christo
1138 1911 1183 1943 sit

185 1958 341 2001 paventia
887 1968 948 2001 per
973 1959 1088 1993 omnia.

103 2021 161 2054 ssa.
189 2017 351 2051 Sustinuit
374 2018 523 2058 pondera
805 2016 866 2052 61).
892 2016 1042 2050 Gestavit
1066 2016 1166 2050 saecli
1192 2026 1267 2050 cara

187 2066 292 2099 crucis
317 2066 440 2107 lignum
467 2065 585 2109 dulcia,
887 2068 984 2106 atque
1008 2065 1147 2106 pulchra
1171 2066 1305 2099 talenta.

177 2134 212 2162 Μ
239 2134 290 2162 fol.
322 2132 411 2162 1971).
439 2147 478 2153 —-·
507 2133 564 2162 Cfr.
591 2134 771 2170 Tropafium
793 2133 980 2163 Nivernense
1013 2140 1090 2162 saec.
1121 2131 1165 2161 11.
1189 2132 1259 2161 cod.
1280 2133 1444 2162 Parisiens,

100 2171 185 2202 9449.
215 2174 252 2202 Σ.
280 2187 317 2192 ——
345 2174 469 2209 Tropar.
496 2182 550 2201 ms.
578 2181 655 2201 saec.
678 2171 712 2201 11
746 2175 776 2200 et
805 2170 841 2201 12
863 2172 1116 2201 Cod.Pa1·isiens.
1139 2169 1234 2200 13252
1255 2172 1288 2203 Ξ.
1312 2186 1349 2191 ——
1373 2170 1399 2206 1,
1427 2170 1441 2199 1

98 2213 211 2250 psallat
230 2211 292 2245 ΣΞ.
314 2227 352 2231 -
373 2210 426 2248 2η,
450 2210 468 2241 3
490 2212 617 2240 stisadia
638 2213 676 2241 Σ.
698 2226 734 2231 —
756 2209 808 2248 21),
833 2209 847 2239 1
873 2212 975 2240 Crucis
998 2211 1110 2239 Christi
1129 2210 1170 2239 M.
1191 2226 1231 2231 -
1251 2208 1302 2244 21),
1325 2209 1343 2239 2
1364 2211 1444 2248 regis

99 2260 223 2281 sonoras
248 2253 286 2279 Σ.
320 2266 352 2271 -
382 2248 436 2285 321,
461 2250 479 2279 2
507 2251 640 2289 exstirpa
667 2252 705 2279 Σ.
728 2266 766 2271 —
786 2249 841 2287 31),
863 2249 881 2278 2
901 2250 1044 2287 pulchrae
1064 2249 1140 2278 fehlt
1159 2250 1199 2286 E3
1220 2250 1326 2279 utelas.
1348 2251 1385 2277 Σ.
1408 2266 1443 2270 —

98 2290 151 2327 4a,
174 2289 188 2319 1
211 2291 255 2319 Ut
273 2292 399 2329 gemmis
419 2290 453 2323 Ξ.
473 2305 513 2310 —-
534 2289 588 2325 4a,
611 2289 629 2318 2
649 2290 707 2318 hae
729 2290 800 2318 aula
817 2290 888 2318 ΜΣ.
909 2304 947 2308 —
968 2288 1022 2318 421.
1044 2287 1062 2318 3
1084 2289 1190 2318 divina
1212 2289 1288 2317 coeli
1308 2297 1363 2318 nec
1384 2297 1445 2317 non

98 2329 199 2358 sidera
212 2329 246 2363 Ξ.
270 2344 309 2350 -
325 2329 379 2367 41),
406 2328 424 2358 2
446 2331 580 2359 eontinet
600 2331 675 2368 ipsa.
690 2328 753 2362 ΣΞ.
773 2344 813 2349 ——
832 2328 886 2358 4b.
908 2326 926 2357 3
945 2328 1028 2357 valet
1047 2329 1104 2357 fari
1119 2329 1194 2357 tuba
1206 2328 1267 2361 ΣΞ.
1290 2345 1328 2349 -
1350 2326 1403 2363 -5a,
1425 2325 1446 2355 3

99 2378 142 2407 sq.
166 2369 256 2398 corda
275 2378 353 2406 quae
374 2372 456 2398 creat
475 2370 634 2406 gementia.
656 2384 693 2389 —
713 2368 802 2398 Naoh
823 2366 876 2404 5³2,
898 2365 932 2398 3:
952 2368 1035 2396 Laus
1054 2368 1082 2396 ei
1102 2367 1231 2396 saecula.
1257 2367 1353 2396 Amen
1375 2365 1447 2401 ΣΞ;

97 2408 151 2444 51),
175 2408 218 2438 63
243 2410 303 2438 und
324 2408 368 2438 6b
389 2409 490 2438 fehlen
512 2408 575 2441 213⁶.
