1655 2637
686 95 950 130 -103—

590 238 638 270 89.
668 237 704 269 In
724 237 808 270 festo
828 237 1040 270 Pentecostes.

665 329 697 361 1.
723 328 844 368 Magne
870 330 902 360 et
922 328 977 368 pie

723 376 786 408 hac
812 375 865 408 die

724 433 784 457 rex
812 424 975 456 exsultant

176 492 233 525 2a.
261 489 448 532 Laetanter‚
476 493 610 524 ovanter
874 490 934 524 210.
956 489 1023 529 Quo
1049 489 1162 531 Stygia
1185 490 1326 522 claustra

260 540 368 572 omnia
392 539 522 572 climata
958 541 1132 578 penetrans
1157 539 1278 570 virtute

260 587 430 626 perampla
956 586 1079 619 invicta

259 634 320 666 tibi
345 634 514 667 reboantia
956 634 1060 674 spolia
1086 632 1162 665 hinc
1184 633 1314 665 traxisti

259 682 350 715 clara
374 683 510 726 cantica,
959 682 1082 714 (ludum
1109 680 1249 721 perdita.

175 749 232 784 3a.
259 749 395 782 Velatus
422 750 527 782 carnis
554 748 659 783 forma
874 749 936 783 3b.
959 749 1066 781 Patris
1091 757 1223 780 manens
1249 747 1363 789 sophia

258 805 359 837 opera
382 798 468 838 geris
956 797 1065 838 genita
1089 799 1164 828 ante

259 844 461 887 admiranda,
959 847 1074 876 cunct-a
1098 845 1215 877 saecla.

172 912 229 944 4a.
257 912 401 945 Paterna
424 913 540 945 missus
872 911 931 944 41).
955 911 1002 944 Ut
1026 914 1116 943 tuum
1138 910 1207 951 poli

257 959 298 991 ab
324 968 400 993 arce
419 961 505 1000 petis
526 968 614 992 arva.
956 959 999 991 ad
1024 960 1092 991 alta
1113 959 1214 991 vehas
1238 958 1374 998 plasma.

175 1026 229 1058 5a.
259 1025 344 1058 Nam
370 1027 517 1068 placatus
543 1034 620 1058 aure
641 1025 707 1066 pia,
873 1025 932 1059 5b.
955 1025 1074 1057 Vivens
1101 1026 1205 1057 crucis
1230 1027 1305 1065 post
1328 1025 1464 1057 vulnera

255 1073 326 1105 Rex
351 1075 387 1107 in
412 1077 588 1114 aeternum,
954 1072 1068 1105 Victor
1088 1072 1208 1113 ubique

258 1122 388 1162 suscipe
412 1122 568 1162 benignus
954 1123 1060 1152 morte
1083 1122 1238 1160 superata

254 1169 431 1208 praeconia
454 1172 577 1209 nostra,
955 1170 1052 1208 atque
1075 1168 1274 1208 triumphata

255 1216 394 1250 Caterva
953 1215 1022 1247 Das
1047 1224 1132 1248 nova

256 1274 337 1305 quae
363 1265 450 1297 canit
474 1264 607 1304 fulgida.
955 1264 1134 1303 redemptis
1157 1263 1285 1304 gaudia.

171 1334 227 1366 6a.
254 1332 429 1365 Praeclara
872 1330 929 1364 6b.
954 1330 1058 1363 Solita

254 1380 412 1421 trophaea
955 1381 1068 1411 catena

253 1430 460 1468 prostrarunt
951 1427 1019 1466 Jam
1046 1427 1130 1459 colla

253 1475 353 1509 fortia
376 1477 506 1516 agmina
951 1474 1057 1507 libera
1080 1474 1237 1507 habentes

253 1523 430 1557 auferendo
458 1525 523 1557 tela
546 1525 652 1559 noxia.
954 1523 1077 1555 exultat
1103 1523 1216 1556 cohors
1244 1523 1417 1563 captivata.

171 1593 226 1625 7a.
254 1592 414 1632 Angelica
439 1600 517 1623 cura
870 1590 927 1623 7b.
950 1589 1011 1622 His
1037 1590 1156 1632 gaudia
1178 1599 1295 1631 magna

252 1639 362 1679 palam
385 1639 516 1671 nuntiat
950 1641 1070 1679 portat,
1098 1639 1142 1671 ad
1164 1638 1268 1671 malos

253 1687 335 1719 haec
360 1686 479 1720 festiva
950 1688 1058 1719 terrae
1082 1685 1187 1719 forma

255 1734 436 1768 ferentibus
461 1737 614 1768 aromata.
953 1743 1141 1767 corruscans
1167 1736 1258 1767 veste
1282 1734 1412 1775 pavida.

170 1804 229 1837 Sa.
254 1802 383 1835 Monita
408 1802 522 1843 quibus
550 1802 607 1834 dat
629 1802 686 1843 pia
870 1801 928 1835 8b.
951 1800 1093 1834 Abditus
1120 1803 1174 1842 qui
1194 1802 1261 1843 J'am
1286 1801 1394 1835 fueras

252 1849 412 1891 perfruite
437 1851 515 1885 vita.
952 1849 1148 1890 sepulchrali
1172 1860 1264 1892 urna,

171 1920 228 1953 9a.
256 1917 393 1959 Sceptra
417 1927 532 1960 regens
557 1927 690 1959 summa,
872 1918 930 1952 ab.
952 1917 1007 1950 Aa
1031 1918 1135 1958 patris
1162 1919 1328 1951 dexteram

254 1966 351 1999 Ortus
378 1967 419 2001 de
443 1967 533 2000 tribu
557 1967 654 2012 Juda‚
950 1966 1063 2007 Regna
1088 1969 1203 2006 petens
1228 1976 1356 2008 supera,

249 2014 284 2048 in
306 2015 412 2057 gloria
951 2014 987 2046 in
1012 2015 1143 2047 saecula

251 2063 375 2097 Amara
400 2066 505 2097 morte
532 2063 668 2107 devicta,
951 2063 1136 2096 Moderaris
1159 2065 1249 2105 justa
1274 2068 1307 2098 et
1332 2067 1456 2099 cuncta.

143 2132 225 2166 lOa.
254 2131 459 2166 Charismata
481 2131 643 2173 promissa
844 2131 928 2165 1010.
953 2130 1020 2170 Quo
1045 2135 1205 2173 peragant
1229 2133 1361 2173 stupida

248 2180 351 2213 mittis
376 2181 441 2213 tuis
465 2181 571 2222 ignea,
950 2180 1061 2220 palam
1088 2180 1263 2214 mirabilia.

140 2248 183 2283 11
193 2258 222 2283 a.
250 2247 297 2281 Ut
321 2250 449 2290 repleta
844 2247 927 2282 11b.
952 2247 1122 2290 synagoga

248 2297 391 2331 reddant,
415 2297 533 2331 horrea
949 2299 1059 2337 spreta
1084 2298 1209 2331 tumida

246 2349 304 2379 tua
329 2346 492 2379 cumulata
950 2354 1047 2378 vocas
1073 2354 1148 2379 oves
1173 2349 1231 2379 tua

249 2394 326 2429 diva
348 2395 462 2437 gratia.
950 2403 1030 2428 voce
1052 2395 1196 2436 propria.
