1655 2637
680 91 944 127 —217—

173 185 229 217 6a.
258 185 328 225 Qua
339 187 446 227 angeli
457 187 629 221 decantant
651 203 666 219 «ιε
822 205 838 221 *
868 188 927 223 6b.
949 189 1037 228 Dies,
1068 189 1207 230 inquam,
1234 189 1296 222 ista

254 242 377 274 organa
403 235 519 277 dulcia,
687 243 703 259 *
783 243 799 259 *
949 237 1046 270 hodie
1068 246 1129 278 per
1153 237 1282 270 saecula

732 282 748 298 ηε

254 310 412 350 Stephani
433 313 586 352 martyris
686 320 702 336 *
781 320 798 337 *
949 314 1018 353 Qua
1040 315 1075 346 111
1101 315 1197 347 coelis
1222 315 1381 347 resultant

254 361 366 391 sancta
379 368 417 391 ac
426 361 628 400 veneranda3
652 357 668 373 '⁵
827 359 843 375 *
954 363 1137 403 angelorum
1163 370 1265 395 sacra.

172 416 226 449 7a.
254 416 465 457 Nostrasque,
491 426 663 458 precamur
870 418 929 452 7b.
955 419 1083 452 Coelica
1108 420 1266 452 resultant

253 464 402 506 Domine,
429 467 558 506 suscipe
583 466 706 510 laudes,
952 467 1049 500 hodie
1074 476 1194 508 organa
1218 476 1340 509 nosque

253 515 290 544 ut
313 521 370 544 nos
397 513 509 546 abluas
537 524 557 546 a
584 514 726 547 crimine.
951 524 1011 555 per
1036 518 1110 547 tuae
1136 516 1279 548 caritatis
1304 525 1420 556 magna

170 570 226 604 Sa.
252 569 461 603 Exsultemus
867 574 924 607 Sa.
947 571 1041 604 Nunc
1066 581 1125 613 per
1150 576 1206 605 tua
1229 574 1373 613 praemia

253 621 286 650 et
310 617 485 657 jubilemus
659 644 675 660 ῆς
814 645 830 661 ss
952 628 1182 660 consequamur
1208 620 1330 654 blanda

252 675 372 707 organa
398 667 504 708 digna.
698 664 714 681 *
737 703 752 719 *
775 664 791 680 *
953 668 1016 700 Dei
1036 668 1168 712 judicia,

252 743 486 784 Resultentque
502 744 610 777 omnia
658 740 673 757 ss
697 722 713 738 *
776 725 790 738 Τ
814 741 830 758 *
950 744 1024 778 Pon
1047 749 1160 777 tenens

254 791 411 831 Stephani
427 800 488 832 per
501 793 608 825 saecla
948 799 1086 834 sceptra,
1114 794 1215 834 gloria

250 839 348 872 laude
370 840 573 881 symphonia.
948 843 1042 880 aptus
1068 845 1210 874 aeterna.

168 897 224 930 aa.
253 896 381 930 Corona
406 897 521 938 capitis
866 899 927 932 91).
952 898 1076 931 Judaeo
1100 899 1221 938 popuio

249 946 367 978 decora
390 944 517 987 fulgida
944 947 1089 986 jactante
1114 946 1251 986 lapides,

249 993 394 1034 pretiosa
418 994 555 1033 sculpta.
948 1002 984 1025 se
1007 1002 1084 1026 vero
1112 994 1255 1026 dicente:

145 1050 223 1085 lca.
249 1051 399 1091 Domine,
426 1051 508 1084 1111111
531 1051 595 1084 hoc
841 1051 925 1085 101).
947 1050 1122 1084 intendens
1147 1050 1182 1083 in
1207 1052 1324 1083 coelum

249 1101 381 1140 reputes
405 1100 472 1132 illis
949 1099 1050 1131 oculis
1077 1099 1157 1131 vidit

248 1148 282 1180 in
307 1148 446 1188 malun13
948 1146 1131 1187 Dominum,

608 1205 662 1239 11.
689 1206 827 1238 Erectas
853 1213 965 1238 manus
998 1213 1071 1237 suas

690 1255 732 1286 ad
757 1262 827 1285 eum
851 1255 1020 1292 susceptus

692 1305 741 1335 est
764 1302 799 1333 111
824 1302 946 1334 aethra.

217 1369 245 1396 D
274 1368 325 1397 fol.
353 1367 408 1396 102
420 1378 446 1397 a.
478 1383 513 1387 -
542 1368 596 1403 51),
618 1366 637 1395 2
667 1369 722 1397 die.
750 1384 788 1389 -—
813 1366 863 1402 6a,
885 1367 904 1396 4
930 1369 1011 1402 atque
1044 1367 1222 1395 venti-anda.
1249 1382 1288 1386 —
1314 1365 1366 1398 611,
1389 1367 1407 1394 3
1433 1376 1465 1395 re

141 1407 240 1435 suitat.
261 1423 300 1427 —
321 1405 374 1442 82,
396 1406 414 1434 2
436 1411 466 1437 et
488 1409 617 1445 erganzt.
639 1422 676 1426 ——
697 1406 749 1442 8a,
767 1405 787 1434 4
807 1407 966 1434 Resultant
982 1407 1090 1433 omnia.
1108 1420 1143 1424 ——
1160 1404 1213 1440 91),
1231 1403 1244 1432 1
1266 1406 1349 1440 Quae
1362 1405 1478 1434 <Iudaea

140 1446 267 1482 populus
292 1447 450 1483 jactantes.
480 1461 515 1465 —
541 1445 594 1483 91³,
615 1443 633 1474 3
660 1449 690 1474 te
713 1455 784 1474 veru
813 1445 943 1478 dicente,
976 1445 1090 1472 stimmt
1114 1444 1197 1472 nieht
1221 1452 1259 1471 zu
1288 1443 1356 1478 IOb,
1378 1441 1396 1471 2
1416 1445 1477 1472 und

142 1484 187 1521 11,
208 1483 234 1513 3.
256 1501 292 1505 —
318 1484 363 1519 11,
386 1484 400 1513 1
422 1486 540 1514 Erectis
560 1494 666 1514 manus
687 1494 767 1513 suas.

574 1578 637 1611 198.
678 1579 721 1611 De
742 1579 852 1610 sancto
873 1577 1040 1618 Stephano.

140 1650 197 1684 la.
222 1650 333 1692 Regis,
360 1650 447 1682 celsa
838 1649 898 1682 11).
921 1651 1010 1687 Quae
1033 1650 1205 1688 praetexta

223 1699 278 1739 qui
302 1698 387 1739 regit
411 1701 508 1740 atque
532 1698 607 1739 ima,
921 1700 1101 1737 martyrum
1126 1696 1236 1728 aethre
1263 1698 1370 1728 castra

220 1747 255 1779 in
280 1747 386 1779 nitida
410 1746 501 1788 regia
921 1745 1067 1785 potentia
1089 1744 1211 1777 invicta

222 1796 387 1828 exsultant.
411 1795 593 1837 candentia,
921 1791 1032 1825 ferunt
1055 1795 1143 1825 serta
1167 1791 1302 1833 fulgida.

141 1855 197 1888 2a.
223 1853 432 1895 Segmentata
838 1852 897 1887 21).
920 1851 1056 1884 Inimica

222 1902 397 1935 candidata
421 1906 497 1945 toga
921 1899 1029 1932 vicere
1054 1908 1135 1941 quae
1160 1900 1235 1938 tela,

221 1960 339 1984 sonora
920 1947 1049 1989 objecta

220 1999 406 2041 rhythmica
430 1999 529 2033 boant
919 1995 997 2030 fidei
1022 2005 1135 2037 parma

219 2048 377 2081 laetantia
920 2048 1033 2078 contra
1056 2053 1154 2077 saeva

217 2097 339 2139 jugiter
364 2106 424 2137 per
449 2097 581 2129 saecula
919 2096 955 2126 at
977 2093 1124 2126 marcida
1145 2093 1263 2135 jacula.

137 2157 192 2190 3a.
221 2156 344 2196 Piaque
836 2153 895 2188 3b.
917 2152 1010 2185 Haec
1033 2161 1170 2192 namque

218 2204 360 2237 tironum
385 2212 480 2236 rosea
919 2201 1023 2233 secuti
1047 2200 1166 2242 gaudia

219 2253 358 2294 agmina,
918 2249 1046 2282 lubrica

218 2305 331 2335 nostra
355 2301 417 2334 tibi
441 2302 517 2332 vota
919 2298 1005 2339 pede
1031 2298 1197 2330 calcavere

217 2350 342 2391 placita
364 2350 506 2383 reddant
919 2347 1180 2380 machinamenta

220 2398 382 2432 abolendo
408 2397 528 2432 debita.
921 2396 1066 2437 gerronis
1092 2395 1264 2428 dirissima.
