1655 2637
671 93 938 129 —277—

206 182 231 210 F
251 183 302 211 fol.
325 182 380 212 107
402 194 428 214 a.
469 187 672 226 Bearbeitung
699 190 751 218 der
778 192 902 227 vorigen
922 192 1071 222 Nummer.
1093 209 1131 213 —
1154 192 1206 226 61»,
1231 192 1249 221 2
1271 197 1301 222 et
1321 197 1408 223 totus.
1429 209 1469 215 -—

129 218 186 256 8b,
207 219 227 248 4
248 224 282 249 ut
302 222 502 253 observemus.

583 311 648 344 263.
679 313 778 345 Proba
799 306 1013 360 nminiscalis.

696 386 726 419 1.
750 385 910 417 Miserere

131 436 188 468 2a.
215 434 310 468 Facti
333 436 483 482 hominis,
832 442 892 475 211.
915 443 1003 476 Filia
1028 445 1067 476 de

216 483 371 517 miserere
398 486 497 529 Deus,
915 492 1107 531 peccatricis
1132 496 1216 525 tuae.

133 542 188 575 3a.
216 542 296 575 Cum
321 545 366 583 tu,
394 548 506 577 sancte
532 549 637 586 pater,
832 547 892 582 3b.
917 550 954 581 In
980 550 1148 590 primoque
1171 551 1268 584 chaos

217 581 404 635 (ἵνθρωπον
916 601 1099 629 concretum

214 638 394 672 humanans
421 639 574 681 effigiasti
917 645 992 676 dum
1017 646 1108 677 illum
1132 647 1321 684 materiasti¹

132 697 190 729 4a.
219 696 384 729 Suadente
412 697 554 738 colubr0‚
830 700 890 735 4b.
916 702 961 734 Et
986 703 1020 734 in
1046 704 1131 735 valle
1155 704 1262 745 posita

215 744 390 786 instigante
413 745 539 786 zabulo,
913 751 1076 783 lacrimosi
1100 752 1228 792 cespitis

213 794 400 834 praesentia
424 795 533 827 saecla
557 796 652 835 pulsa
678 800 725 828 est
913 798 978 840 ubi,
999 799 1077 840 jugo
1105 800 1175 832 diro
1198 803 1357 838 manente,

216 850 237 873 a
264 843 439 875 commodis
465 844 581 884 anima,
914 847 1065 887 suspiria,
1090 847 1244 887 pondera.

134 899 186 934 5a.
214 899 304 932 Inter
330 909 456 941 quoque
480 904 553 933 arta
832 902 891 936 sb.
916 903 1006 935 Inter
1030 907 1095 935 ima
1120 905 1235 936 mentis

219 950 251 979 et
275 946 398 981 reflexa
422 949 541 990 tristia,
914 949 1096 990 frequentia
1120 952 1268 992 lugubra.

134 1006 190 1038 6a.
212 1004 320 1038 Multa
347 1006 484 1046 denique
832 1006 890 1041 61).
916 1007 1000 1039 Nam
1026 1008 1209 1048 tribulator,

216 1053 383 1086 tribulatio
916 1056 991 1087 dum
1018 1056 1224 1095 contribulat,

218 1104 249 1133 et
276 1102 368 1134 dolor
391 1110 558 1142 praesens,
589 1140 598 1143 -
914 1103 1016 1135 multa
1040 1112 1165 1144 pernox
1191 1102 1338 1136 fraterna

216 1150 297 1182 vilia
320 1151 437 1190 saecla,
915 1152 1019 1183 altera
1044 1151 1138 1184 nobis
1166 1160 1257 1184 eausa

216 1198 393 1231 tribulatur
914 1199 1138 1239 impausabilis

218 1247 320 1279 omnis
347 1247 497 1280 essentia.
918 1256 991 1280 earo
1018 1248 1168 1280 humana.

135 1305 190 1338 7a.
216 1304 368 1337 'Marcida
833 1305 891 1338 7b.
914 1305 1073 1338 Lacrimis

216 1353 275 1385 sed
299 1353 414 1385 solaris
440 1353 572 1386 humata
915 1354 951 1386 id
978 1354 1028 1394 egi
1054 1356 1086 1386 et
1107 1357 1270 1394 tympano.

134 1412 192 1445 Sa.
217 1411 308 1444 Petit
331 1410 388 1450 pia
413 1419 492 1443 voce
833 1411 894 1445 gb.
919 1411 1013 1444 Solus
1039 1419 1176 1452 namque
1203 1414 1293 1444 taxat

216 1457 392 1491 tutundens
417 1462 553 1500 pectora
915 1460 1038 1492 laboris
1063 1459 1221 1500 praemia,

216 1506 317 1539 miser
339 1506 413 1546 ipse
435 1506 532 1540 homo
916 1507 1003 1540 solus
1027 1510 1136 1548 potest
1160 1507 1253 1540 misto

219 1554 425 1587 crebrescens
450 1555 598 1596 mystica,
915 1554 1003 1588 ferre
1025 1557 1216 1593 contamina,

217 1603 339 1643 adjuva
364 1601 533 1644 formator,
914 1604 1021 1636 libera
1045 1604 1231 1645 clementer,

217 1654 353 1693 protege
377 1652 574 1692 redemptor,
917 1653 1006 1691 eripe
1031 1654 1192 1692 potenter,

219 1708 236 1733 ο
262 1699 349 1731 Deus
378 1700 521 1740 deorum,
549 1700 629 1734 usia.
916 1709 934 1732 o
959 1699 1047 1732 Deus
1074 1699 1218 1732 deorum.
1242 1699 1325 1733 usia.

637 1759 667 1792 9.
696 1757 761 1790 Sed
784 1758 853 1798 jam
879 1766 1029 1790 canamus

696 1806 851 1846 Alleluja.

209 1864 234 1892 B
251 1864 301 1892 fol.
322 1862 377 1892 175
393 1864 421 1892 b.
438 1878 474 1882 —
495 1862 548 1900 Sa,
570 1861 588 1891 3
602 1864 768 1892 humanans
783 1863 924 1891 effiliasti.
938 1878 977 1883 ——
997 1860 1050 1897 312,
1066 1860 1085 1890 3
1101 1863 1171 1890 dum
1186 1863 1314 1891 milleris.
1331 1879 1368 1883 —-
1387 1860 1439 1895 4a,
1454 1860 1473 1891 3

133 1912 185 1931 cra
204 1905 306 1931 menta
324 1905 397 1931 tana
416 1903 463 1931 vis
487 1904 541 1931 ete.
569 1916 608 1921 —-
627 1901 681 1938 5b,
705 1900 720 1929 1
739 1911 783 1939 sq.
805 1903 972 1939 mentisque
990 1902 1153 1938 frequenta.
1175 1916 1213 1920 —
1234 1900 1286 1936 Sa,
1308 1899 1327 1930 3
1346 1910 1397 1938 pre
1420 1910 1472 1929 sen

133 1942 218 1971 dulia
238 1942 338 1971 saecla
399 1942 483 1970 lchra
504 1944 557 1970 est.
584 1956 623 1961 —
651 1939 702 1976 6a,
725 1940 745 1969 4
772 1941 855 1969 dulia
877 1941 984 1969 saecla.
1008 1957 1043 1961 —
1064 1939 1082 1967 7
1089 1949 1115 1975 a,
1137 1938 1155 1967 2
1175 1940 1300 1969 solarus.
1321 1957 1360 1961 —
1379 1938 1433 1975 71),
1455 1939 1473 1968 2

131 1982 206 2018 itegi
230 1983 267 2008 et.
289 1996 328 2001 —
375 1989 403 2017 a,
424 1981 591 2009 totondens.

586 2075 655 2107 264.
683 2075 781 2107 Prosa
802 2073 1016 2107 Dominicalis.

602 2148 633 2181 1.
660 2147 756 2179 Alme
781 2146 880 2188 Deus,

661 2205 719 2228 rex
746 2195 908 2228 coelorum
934 2197 964 2227 et
987 2201 1085 2226 arvae

660 2253 728 2277 swe
753 2252 900 2284 manum,

133 2307 191 2339 2a.
217 2305 292 2339 Tibi
318 2305 466 2346 angelica
835 2301 895 2336 2b.
917 2301 993 2334 Tibi
1018 2301 1122 2334 honor
1149 2301 1243 2333 decet

218 2363 281 2388 vox
306 2357 399 2387 sonat
921 2354 952 2382 et
977 2349 1080 2382 virtus

215 2403 391 2436 modulata„
920 2402 951 2431 et
976 2400 1131 2439 potestas
