1655 2637
796 149 1061 185 —242—

267 244 331 281 21»,
363 243 377 273 1
401 247 466 280 Qua
486 248 543 275 Dei
564 246 715 282 apostolus
735 246 773 274 K.
794 261 832 265 —
851 243 915 282 2b,
942 244 960 273 2
979 246 1037 274 hac
1055 243 1097 277 L:
1122 246 1196 274 fehlt
1215 246 1247 273 F.
1274 264 1307 267 —
1326 243 1388 281 33,
1419 244 1437 274 3
1466 246 1594 283 gloriam

266 286 301 313 A.
322 301 360 305 —
380 282 426 313 31>
448 286 522 314 fehlt
534 286 566 313 F.
591 299 622 303 —
645 282 702 321 31),
726 283 744 313 3
764 284 920 313 basilicam
941 286 974 313 P.
995 301 1033 305 —
1046 284 1103 317 43,
1124 283 1142 313 3
1164 285 1301 312 clismata
1320 285 1353 313 F.
1373 301 1412 305 —
1433 284 1450 313 5
1465 293 1491 319 3,
1512 284 1527 312 1
1543 285 1593 314 bei

268 325 394 352 libenter
415 324 474 352 lost
493 325 535 352 Cb
563 324 583 351 l.
604 332 627 351 c.
652 323 694 352 Ca
714 325 760 352 ab.
781 338 819 343 -
839 322 900 359 53,
929 322 946 352 5
973 323 1053 351 hunc
1071 326 1175 351 nostra
1196 324 1247 350 Ca.
1272 339 1308 344 —
1326 323 1383 359 63,
1404 321 1423 351 2
1442 324 1529 351 beato
1550 323 1592 359 193

265 363 413 390 Martialis
434 364 565 391 earmina
586 362 637 390 Ca.
658 378 696 383 —
716 362 733 390 7
748 363 777 397 b,
798 360 816 389 2
837 361 911 390 fehlt
935 363 1001 390 eine
1021 361 1119 398 Silbe;
1140 362 1165 390 F
1185 362 1252 390 ffillt
1274 361 1322 389 (lie
1341 362 1445 390 Liicke
1465 369 1527 395 aus,
1548 363 1594 390 111-

270 401 336 429 dem
361 410 391 429 es
416 403 590 438 perpropria
614 403 697 429 setzt.
720 415 755 420 —
770 399 833 434 83,
863 399 877 427 1
899 401 1031 429 sacravit
1045 400 1083 435 F;
1105 408 1180 428 sana
1198 402 1233 427 ut
1254 400 1306 427 Ca.
1328 414 1365 419 -—
1385 398 1449 432 81),
1482 398 1500 426 2
1520 408 1595 428 voce

269 440 359 468 eorda
379 440 410 468 F.
434 456 471 460 —
491 438 542 472 93,
565 439 580 467 1
606 439 731 468 Cumula
750 440 825 467 talia
842 439 881 467 D.
901 456 940 460 -
960 437 977 467 9
989 448 1015 474 3,
1039 437 1058 465 2
1079 439 1259 467 conlaudens
1278 439 1382 467 adoret
1402 439 1444 470 D:
1467 438 1593 466 adorans

266 479 302 506 A.
324 493 359 498 -—
382 479 436 508 912.
463 478 475 506 1
504 479 643 507 imbuens
671 479 770 506 omnia
789 478 828 506 D.
853 492 893 498 —-
918 477 982 512 ab,
1009 476 1029 505 4
1053 477 1204 513 Reparata
1226 477 1278 505 Ca.
1309 492 1347 497 -—
1373 475 1453 511 103,
1482 475 1501 505 3
1528 486 1593 505 cum

267 518 377 545 sanetis
391 516 470 545 Aea.
488 532 526 536 ——-
548 515 583 545 10
598 525 623 550 a,
645 514 665 545 4
684 518 785 554 requie
801 517 842 552 D;
865 518 947 552 quiet
959 517 1048 544 beata
1061 516 1085 542 L
1092 523 1100 550 ;
1122 524 1198 552 quae
1213 518 1259 544 est
1273 516 1361 544 beata
1375 516 1407 544 F.
1428 531 1465 535 —
1489 513 1559 550 lob,
1577 516 1591 543 1

267 555 409 583 collocare
428 556 460 584 F.
475 571 514 576 -—
537 553 572 582 10
580 556 609 588 h,
626 553 645 582 4
663 555 785 583 dextera
797 555 833 582 D.
855 570 893 575 —
915 553 950 583 11
960 563 986 589 3,
1004 553 1018 582 1
1040 555 1099 582 Fae
1120 554 1222 583 audire
1242 555 1279 587 F;
1300 554 1368 583 Hoe
1388 554 1490 582 audire
1503 554 1541 582 D.
1554 570 1593 574 —

269 593 336 628 113,
358 592 375 620 2
396 603 559 622 mereamur
579 594 616 622 D.
639 608 675 613 ——
697 593 767 625 113,
788 592 808 621 4
827 593 914 622 nobis
934 601 1027 630 regna
1045 593 1078 620 P.
1105 607 1143 612 —
1170 592 1237 629 lla,
1259 591 1276 621 5
1297 595 1478 630 repromissa
1498 593 1535 621 D.
1555 608 1592 612 -

270 629 313 666 12,
335 631 350 660 1
372 632 414 659 Et
433 633 589 661 decantare
610 632 646 660 D.
668 647 704 651 —
724 631 900 660 Aufsehrift:
925 632 979 668 „In
998 631 1185 660 dedicatione
1205 631 1235 660 S.
1256 630 1354 660 Pe‘m·“
1377 632 1413 660 L.

647 762 714 793 222.
755 763 790 794 111
810 761 1013 794 Dedicatione
1028 762 1199 795 Ecclesiae.

691 862 721 897 1.
746 862 801 894 Ad
825 862 940 902 templi
959 862 1053 902 hujus
1076 862 1188 894 limina

753 910 903 942 dedicata

269 989 326 1021 23.
355 986 552 1019 Gaudiomm
958 985 1017 1019 2b.
1039 985 1207 1018 Hodierna

351 1034 464 1066 laudes
490 1043 588 1066 ovans
1042 1033 1093 1065 die
1119 1034 1193 1075 quia

350 1081 443 1122 plebs
468 1084 637 1121 concrepet
1042 1081 1136 1113 adest
1159 1081 1243 1114 festa

353 1130 477 1170 devota,
1041 1138 1156 1162 annua.

269 1198 325 1230 3a.
352 1197 458 1236 Supra
483 1196 647 1227 cacumina
959 1192 1017 1229 3b.
1040 1195 1086 1228 Et
1111 1197 1252 1228 exaltata
1276 1199 1324 1228 est

350 1244 501 1276 montium
529 1243 663 1276 fundata

353 1292 437 1323 enim
462 1295 512 1323 est
537 1292 647 1323 domus
670 1292 735 1323 ista

1040 1252 1137 1283 super
1162 1253 1271 1276 omnes
1298 1245 1395 1277 colles

1041 1294 1204 1324 structura
1227 1292 1350 1325 deifica.

1040 1357 1092 1390 Ibi
1118 1359 1254 1391 adorant

1040 1410 1184 1438 sanctam
1207 1407 1385 1439 trinitatem

1040 1455 1177 1493 populus
1203 1454 1304 1486 omnis

1040 1501 1251 1535 individuam.

958 1567 1016 1601 5b.
1037 1568 1196 1609 Ecclesia,

1037 1614 1132 1648 firma
1156 1626 1238 1657 quae
1259 1620 1353 1657 petra
1380 1619 1467 1651 dicta

1040 1667 1071 1695 et
1097 1667 1230 1697 aeterna
1255 1668 1303 1697 est
1328 1667 1428 1707 regia.

352 1357 405 1389 Ex
430 1367 507 1390 auro
532 1358 651 1389 mundo
959 1357 1019 1391 4b.

352 1405 560 1437 cricumtexta
584 1405 715 1445 gemmis

349 1455 444 1493 atque
468 1453 604 1485 rutilans

350 1501 433 1532 muri
457 1510 516 1541 per
541 1501 658 1540 ampla.

269 1359 327 1391 4a.

352 1566 443 1599 Haec
468 1570 515 1599 est
542 1567 625 1598 enim

349 1614 408 1646 1113
434 1614 579 1647 coelestis
605 1614 679 1647 aula

353 1666 383 1693 et
408 1664 594 1705 angelorum
618 1663 735 1703 patria,

269 1568 326 1600 5a.

271 1730 329 1763 6a.
354 1729 406 1762 Ex
431 1730 576 1770 vivisque
600 1730 702 1770 petris
959 1731 1017 1764 6b.

272 2037 326 2069 73,

273 2197 331 2230 Sa.

353 1777 433 1809 visio
459 1778 558 1818 pacis,
585 1777 661 1810 urbs

353 1826 440 1858 celsa,
464 1826 654 1864 Jerusalem,

355 1874 470 1905 etenim

353 1921 487 1953 struitur

351 1969 519 2002 beatorum
543 1969 667 2002 animis.

352 2035 542 2074 Majestates
568 2038 600 2067 et
623 2035 759 2069 virtutes

352 2084 546 2123 angelorum,

355 2133 386 2162 et
408 2131 534 2171 agmina
559 2133 671 2164 sancta

351 2197 573 2237 Venerandus,
599 2199 789 2231 metuendus

355 2248 404 2276 est
426 2255 564 2286 namque
586 2246 686 2287 loeus,

351 2292 408 2324 ubi
432 2293 616 2326 adorandus
643 2299 676 2327 et
699 2295 851 2327 colendus

353 2343 402 2372 est
427 2342 516 2374 idem

353 2388 450 2432 Deus,
476 2390 638 2430 imperans
665 2391 787 2423 coelum

355 2440 385 2469 et
410 2439 540 2471 terram.

961 2037 1017 2070 7b.

960 2200 1020 2235 Sb.

1040 1732 1109 1771 Qua
1132 1732 1221 1764 Deus
1247 1742 1382 1774 quoque,
1409 1743 1467 1766 rex

1042 1789 1182 1812 summus
1208 1789 1307 1820 super
1332 1790 1441 1814 onmes

1040 1837 1133 1868 unus,
1160 1828 1295 1860 celsiore

1040 1875 1074 1907 in
1100 1876 1215 1908 throno

1040 1925 1206 1963 praesidet

1042 1971 1109 2013 illo,
1137 1973 1188 2004 eui
1212 1981 1340 2012 semper
1365 1974 1446 2008 laus.

1040 2038 1225 2071 Indefessas
1252 2048 1345 2073 voces
1371 2042 1485 2074 laudes

1041 2090 1250 2126 pertonantes

1044 2136 1177 2167 coelitus
1203 2136 1349 2176 gloriam.

1041 2201 1137 2234 Beati
1161 2205 1246 2242 sunt,
1273 2202 1327 2242 qui
1352 2204 1500 2237 habitant

1046 2257 1121 2290 ergo
1145 2251 1180 2283 111
1207 2250 1300 2282 domo

1043 2297 1184 2339 Domini,
1211 2299 1286 2339 quia
1311 2299 1351 2331 ab
1380 2300 1446 2332 alto
1471 2301 1584 2335 laudes

1044 2347 1115 2386 regi
1138 2355 1252 2386 magno

1044 2395 1242 2434 gratulantes
1270 2394 1410 2436 (lenique

1042 2441 1192 2481 jubilant.
