1655 2637
187 536 243 568 6a.

186 832 242 863 Τῇ.

186 1126 241 1158 Sa.

187 1422 242 1453 9a.

184 2021 238 2054 la.

181 2317 237 2348 2a.

719 163 764 167 —
815 141 981 177 148—

236 265 241 270 .
271 237 384 270 Crucis
411 241 441 270 et
467 238 590 271 vexilla

269 284 369 318 fortia
393 286 501 318 vibrat
525 296 639 328 ovans,

268 332 411 366 ambulat
435 343 533 374 super
559 336 676 374 undas,

266 384 401 421 pontum
423 381 605 423 ‘triumphat

267 429 394 461 naviter
420 431 612 469 depromens

267 478 366 509 melos
394 477 545 518 Alleluia.

271 534 417 567 Carceris
444 535 587 568 claustra

269 583 394 615 clausus
419 583 553 615 horrida

269 631 415 671 agonista
438 633 552 671 potens

266 676 410 723 γεωργίᾳ

269 726 366 758 alitur
391 726 522 758 coelitus

267 773 363 806 Felix
386 773 517 806 athleta.

270 830 367 870 Cujus
392 830 470 863 affla

268 878 413 910 laureata

267 926 366 957 micat
389 927 462 958 aula

268 973 302 1004 in
327 981 467 1013 superna

268 1019 346 1052 felix
372 1019 510 1053 feliciter

266 1068 391 1108 lampas
416 1071 519 1108 septa.

267 1124 362 1157 Felix
389 1125 550 1166 Gerunda,

267 1175 359 1204 rania
382 1172 533 1205 redimita

268 1223 449 1252 sanctorum
477 1220 564 1253 clara
587 1220 732 1261 pignora,

268 1271 399 1307 portare
421 1268 504 1300 mira

269 1324 402 1354 quorum
427 1324 554 1356 semper

268 1363 374 1404 gliscit
398 1363 501 1404 gleba.

270 1419 434 1452 Poscimus
456 1421 523 1460 jam
548 1424 603 1453 tua

267 1471 392 1499 nosmet,
417 1468 558 1501 colentes

269 1516 411 1547 caltudia

267 1561 350 1595 ferto
376 1563 410 1595 in
436 1572 575 1603 superna

266 1620 324 1643 nos
349 1610 382 1642 in
407 1620 516 1652 regna.

880 238 938 273 5b.

878 535 938 570 6b.

962 239 1081 271 Fretus
1105 246 1180 270 nam
1204 237 1366 279 phalange

964 286 1075 318 divina
1098 286 1283 326 angelorum

963 334 1099 375 lympha
1119 336 1195 373 post
1220 333 1362 366 solidata

964 381 1022 415 sub
1047 382 1186 421 vestigia

963 439 1097 471 agonem
1122 430 1221 461 iterat

961 481 1084 510 mactus
1110 479 1145 510 in
1170 486 1303 510 summa.

962 536 1098 569 Lanista
1125 535 1251 567 demum

959 583 1110 623 pervicax
1137 582 1208 615 fera

960 634 1090 671 ‘tergora
1114 631 1272 663 mulorum

959 688 1078 711 nexum
1105 678 1204 719 στῦμα

959 727 1113 759 invictum
1139 727 1288 766 spiritum

958 774 1046 806 misit
1070 775 1103 806 in
1129 775 1251 807 aethra.

877 831 934 865 7b.
954 832 1150 864 Veneranda

874 1126 932 1161 Sb.

874 1422 931 1455 9b.

963 880 1052 920 cujus
1078 879 1223 912 membra

958 927 1144 968 angelorum

959 975 1117 1007 tumulata

957 1022 1104 1055 manibus
1131 1025 1268 1062 exstant,
1297 1030 1375 1055 cura

958 1070 1048 1102 urbis
1073 1071 1208 1103 moenia.

956 1128 981 1160 O
1009 1136 1103 1167 quam
1128 1128 1241 1160 rutilaz

955 1178 1082 1215 martyr
1104 1175 1211 1207 nitens
1237 1178 1324 1208 serta

957 1223 991 1255 in
1015 1223 1094 1255 sede
1118 1224 1281 1256 senatoria

957 1279 1074 1303 ornans
1097 1272 1220 1304 virtute

958 1321 1047 1350 artus
1072 1321 1200 1351 sanctos

956 1374 1029 1398 suos
1054 1366 1201 1406 pulchra.

956 1423 1166 1455 Pneuma‘tum
1192 1433 1263 1457 cum
1288 1427 1386 1457 temet

957 1471 1071 1503 cohors
1098 1476 1131 1503 et
1154 1472 1240 1505 alma

958 1518 1016 1550 ubi
1041 1516 1123 1557 δόξα

957 1575 1056 1599 ovans
1084 1567 1211 1600 Christo
1236 1569 1346 1609 psallit

958 1615 1166 1655 myxolidica.

625 1671 678 1703 10.
706 1670 890 1703 Poeinatum
914 1673 965 1704 cui
993 1673 1103 1705 demus

705 1718 920 1759 hyperlydica

708 1770 822 1799 cuncta
845 1777 906 1808 per
930 1769 1047 1802 saecla.

258 1820 282 1847 F
301 1821 351 1848 iul.
372 1817 425 1848 134
439 1822 466 1849 b.
487 1836 525 1840 —
545 1820 598 1856 211,
620 1820 638 1850 3
660 1826 795 1858 angusta.
819 1837 852 1842 —
874 1823 926 1854 42,
950 1823 963 1852 1
986 1825 1159 1863 Theologia.
1180 1841 1218 1845 —
1244 1824 1296 1859 41),
1321 1826 1336 1854 1
1357 1826 1450 1854 Ertis.
1472 1841 1510 1847 —

182 1857 235 1887 41³.
257 1857 276 1885 4
294 1869 306 1891 ,a
333 1867 397 1894 mps
419 1861 583 1896 omnigena.
607 1875 641 1879 —
664 1860 716 1895 521,
738 1860 753 1889 1
777 1864 822 1890 est
840 1862 959 1890 vexilla.
988 1879 1024 1882 —
1051 1863 1102 1897 bb,
1125 1863 1140 1892 1
1161 1872 1289 1901 namque
1310 1864 1451 1901 phalanx.
1473 1880 1512 1885 —

183 1895 232 1929 621,
244 1895 263 1924 4
271 1897 443 1932 jeurgia—
454 1896 505 1932 61),
520 1897 536 1926 ὕ
552 1899 679 1927 aethera.
688 1914 724 1918 —
735 1899 752 1926 ’7
763 1908 789 1936 a,
802 1898 818 1927 6
831 1904 940 1937 scepta.
949 1917 987 1921 —
997 1900 1051 1935 81„
1065 1901 1082 1930 6
1094 1906 1161 1930 tuos
1171 1902 1274 1931 fulcra.
1283 1918 1319 1923 —
1333 1902 1385 1936 921,
1397 1906 1413 1930 4
1426 1904 1510 1932 ferta.

618 1973 682 2005 134.
712 1973 756 2005 De
776 1975 885 2006 saneto
910 1974 1055 2007 Geraltlo.

265 2020 412 2055 Auriflua

265 2073 392 2102 comant
414 2072 486 2103 luce
510 2081 590 2104 arva

265 2122 353 2150 astra
377 2119 529 2151 micantia

266 2165 319 2197 die
343 2165 413 2208 hac,

266 2222 329 2254 qua
349 2214 529 2253 jucundant

265 2262 383 2294 virtute
407 2263 507 2302 mira;

265 2317 364 2354 Quem
392 2315 501 2348 divina

261 2363 433 2404 praeeligit
457 2364 571 2405 gratia,

262 2414 338 2443 ante
362 2409 470 2444 forent
493 2421 588 2452 quam
613 2413 754 2456 saecula,

264 2468 345 2500 quae
370 2463 460 2492 erant
484 2460 519 2492 in
544 2463 619 2493 nato
646 2462 724 2495 vita.

874 2027 934 2060 lb.

873 2319 933 2353 212.

958 2027 1028 2066 Qua
1054 2028 1214 2062 Geraldus

957 2076 1000 2107 ad
1025 2076 1093 2108 alta
1116 2077 1225 2118 posita

957 2125 1103 2164 corporis
1129 2125 1243 2158 trabea

959 2173 1146 2205 conscendit

958 2218 1060 2252 bonus
1087 2221 1168 2253 coeli

958 2268 1120 2307 capitolia.

956 2320 1023 2360 Quo
1046 2321 1168 2361 jubilat.

956 2368 1052 2400 tellus
1077 2369 1284 2411 Aquitanica,

957 2424 1053 2456 quam
1081 2418 1220 2450 luminat
1243 2428 1319 2451 arce
1345 2429 1472 2454 summa

956 2465 1064 2504 posita
1089 2467 1178 2498 velut
1201 2467 1343 2501 lucerna.
