1655 2637
703 114 967 151 —144—

177 212 232 245 62.
262 211 340 245 Cum
366 213 443 245 tuba
469 213 572 246 canite
596 212 697 246 fibrea
867 212 925 247 6b.
948 212 1007 252 Qui
1033 220 1104 244 cum
1129 213 1222 244 tanta
1244 211 1320 243 tulit
1344 210 1457 252 gloria,

259 262 400 294 carmina
424 260 473 293 illi
497 260 671 302 modulata,
950 259 1089 292 caelibes
1114 259 1170 292 ubi
1196 258 1385 302 tripudiant,

259 309 309 341 cui
334 311 450 349 parent
474 308 585 342 mundi
611 309 757 351 climata3
947 308 1118 341 Benedicti
1141 307 1245 349 patris
1272 308 1421 341 animam.

176 375 232 409 Va.
258 375 357 408 Pater
381 370 462 418 ἅγιε,
489 384 637 408 cernuam
866 375 924 410 7b.
946 375 1005 408 Uti
1027 375 1060 407 in
1087 374 1174 407 arvis
1199 374 1329 407 suffulta

258 432 384 464 semper
409 423 564 457 familiam
948 423 1089 465 gaudere
1113 423 1222 456 valeat

256 475 409 513 tuereque
433 480 517 505 nunc
542 475 639 513 tuam,
945 473 979 504 in
1005 472 1083 504 sede
1107 471 1236 504 siderea

632 540 663 573 8.
693 538 768 572 Cum
792 543 898 572 turma
921 539 1076 579 angelica.

252 612 294 641 Ca
313 613 363 641 fol.
384 612 453 642 2822.
531 614 558 642 E
578 614 630 642 fol.
650 613 738 643 292a.
759 631 796 636 -—
820 614 869 649 la,
889 612 909 643 4
928 614 1053 643 vinnula
1074 614 1153 643 CaE.
1173 629 1211 634 —
1226 611 1279 649 Za,
1300 612 1317 641 2
1339 614 1498 650 ditissima,

174 650 244 679 aber
263 653 318 680 mit
335 652 403 680 fiint'
418 653 550 681 Neumen
569 653 605 681 Ε.
630 668 668 673 -
689 651 740 689 Za,
761 651 780 683 3
800 653 939 690 dogmata
955 652 1033 680 CaE.
1055 669 1092 673 —
1117 652 1169 687 7a,
1196 650 1214 681 3
1235 655 1317 681 tuere
1339 661 1428 690 quam
1443 654 1494 682 Ca.

605 774 667 807 130.
699 772 743 805 De
764 775 871 806 saneto
891 773 1066 807 Benedieto.

174 852 229 884 la.
256 851 419 884 Aetherea
865 855 921 888 lb.
945 853 1099 887 Almiflua

256 899 389 932 laudant
414 909 506 941 quem
532 903 668 943 agmina,
944 903 1046 942 patris
1072 912 1143 935 nam
1172 903 1315 937 celebrat

256 955 273 978 o
299 949 396 987 Deus,
422 949 567 989 approba
945 950 1115 983 Benedicti
1139 949 1226 984 festa

257 995 392 1034 cantica,
418 1000 528 1030 nostra
943 997 1036 1038 plebs
1062 1007 1160 1031 ovans
1187 1002 1276 1032 casta

255 1042 332 1076 boat
355 1052 436 1083 quae
460 1053 545 1077 nunc
567 1049 704 1079 caterva.
942 1054 1086 1087 pangens
1113 1046 1172 1079 tibi
1200 1047 1350 1080 carmina.

173 1120 229 1151 2a.
257 1118 418 1151 Nectarea
862 1122 919 1154 21).
941 1121 988 1154 Ut
1012 1122 1060 1154 sol
1084 1123 1183 1155 micat

256 1167 345 1206 cujus
370 1166 512 1208 fraglant
534 1168 668 1209 ligustra
943 1170 1028 1201 inter
1054 1173 1142 1203 astra
1165 1172 1344 1216 praeclara,

254 1214 374 1254 passim
399 1223 458 1254 per
483 1215 592 1248 orbem
620 1216 743 1258 diffusa,
944 1217 1139 1250 Benedictus
1166 1222 1271 1252 exstat
1294 1219 1341 1253 ita

259 1262 380 1294 -eilicet
403 1263 459 1302 pia
484 1264 643 1304 dogmata.
945 1274 1133 1298 corruscans
1158 1268 1190 1299 in
1217 1268 1363 1302 ecclesia.

173 1338 230 1370 Sa.
255 1336 402 1370 Exornat
427 1348 517 1379 quem
543 1344 595 1373 sat
863 1341 921 1376 3b.
945 1342 1029 1374 Arta
1054 1342 1111 1375 sed
1136 1343 1219 1375 mira

258 1384 404 1418 doctrina
429 1389 567 1428 mystica
942 1390 1044 1430 ipsius
1070 1392 1118 1422 est
1141 1399 1255 1424 norma

254 1433 388 1465 arduam
944 1440 1206 1478 praemonstrans

256 1480 385 1521 signans
408 1485 580 1522 petendam
605 1485 736 1527 regiam,
945 1486 1121 1526 linquenda
1144 1488 1256 1521 mundi
1283 1489 1423 1530 compita

256 1527 354 1569 Deus,
380 1538 496 1571 regnas
946 1542 985 1565 ac
1009 1535 1172 1574 sequenda

255 1577 288 1609 in
314 1586 376 1617 qua
398 1586 456 1618 per
481 1580 596 1615 saecla.
946 1585 1001 1613 tua
1025 1584 1143 1615 munia.

173 1653 229 1685 4a.
256 1652 385 1685 Ponens
409 1663 525 1695 magna
863 1658 923 1691 eb.
945 1658 991 1691 Ut
1016 1658 1149 1692 lucerna

256 1702 309 1741 qui
334 1702 439 1741 gratia
946 1704 1129 1748 refulgebat

256 1749 320 1789 egit
343 1750 435 1789 mira,
462 1759 519 1783 sua
947 1755 1022 1787 hinc
1045 1755 1079 1787 in
1105 1757 1178 1790 aula
1203 1757 1287 1791 abba

255 1797 288 1829 in
313 1798 478 1837 primaeva
501 1798 634 1833 floscula
947 1803 1101 1836 virtutum
1126 1805 1265 1846 insignia

254 1846 391 1886 nugacia
946 1854 1081 1891 patrans
1105 1854 1210 1885 multa

255 1891 341 1927 fluxa
366 1898 462 1935 atque
487 1904 568 1929 vana
947 1900 1125 1939 ampliabat
1149 1901 1240 1935 lucra

256 1943 363 1974 omnia
949 1948 1118 1981 commissa

259 1990 449 2030 despiciens.‚
476 1995 648 2031 pneumate
673 1998 723 2026 sat
950 1995 992 2028 ad
1017 2005 1158 2035 superna

256 2042 402 2079 comptus
426 2039 566 2079 pubeda.
949 2051 1092 2084 quosque
1115 2047 1253 2085 poterat,

175 2115 230 2147 5a.
257 2115 446 2156 Prophetali
866 2119 924 2153 5b.
949 2120 1165 2153 Circumcirca

257 2166 400 2204 comptus
426 2165 531 2205 gratia
949 2167 1077 2200 demum
1101 2169 1225 2201 semina

258 2210 415 2252 confregit
442 2213 576 2245 delubra
946 2224 1129 2257 propagans
1156 2217 1265 2249 divina

258 2260 411 2298 obsoleta,
951 2264 1100 2296 duodena

256 2308 388 2340 vincens
414 2317 546 2349 venena,
950 2309 1087 2344 fratrum
1111 2313 1225 2344 inclita

258 2358 309 2388 sat
333 2357 544 2396 spectandam
949 2358 1161 2401 fundavitque

259 2404 398 2436 ducebat
419 2405 527 2437 vitam.
948 2409 1153 2443 monasteria.
