1655 2637
199 228 254 259 5a.

198 429 252 464 6a.

198 728 251 759 7a.

197 977 254 1009 8a.

720 129 983 165 —228—

282 227 448 259 Fundatus
473 229 520 260 ita

278 275 397 308 virtute
419 284 558 316 superna

279 323 379 356 currit
403 324 445 357 ad
470 325 644 358 certamina

277 381 349 404 mox
373 372 497 406 herilia.

278 429 372 462 Unde
395 438 500 470 poena
524 430 634 464 valida

282 477 409 510 diversa

280 524 410 558 feritate
434 529 563 567 reperta

276 582 336 613 per
359 574 503 607 membra

276 621 416 654 decurrit
439 622 536 655 beata

277 670 477 710 plurimaque
501 670 670 711 supplicia.

277 727 381 759 Tanta
404 736 579 768 poenarum
605 728 741 760 saevitia

277 773 405 807 fortiter
427 779 578 816 superata

277 822 395 854 virtute
421 823 496 855 diva

278 870 402 902 vinctus
426 871 540 903 umbra

282 918 441 951 clauditur
465 922 548 951 arta.

280 975 365 1008 Hinc
388 976 588 1016 psalmodica

277 1027 429 1056 resonant
453 1033 573 1065 organa

281 1080 319 1103 ac
342 1072 457 1103 melica

279 1119 391 1159 procul
417 1119 558 1160 alloquia

280 1170 394 1199 sonant
419 1166 541 1201 diffusa.

885 228 945 261 5b.

883 430 942 463 61).

885 729 942 761 71).

883 977 942 1011 8b.

969 227 1066 261 Unde
1089 226 1222 259 numina

969 276 1160 315 contempsit
1185 275 1295 314 iniqua

968 333 1006 356 ac
1026 323 1197 363 judicialia

967 373 1090 412 sprevit
1118 371 1235 406 edicta.

965 430 1184 471 Applicantur
1207 428 1344 462 verbera

967 486 1084 518 aspera

966 526 1168 566 maximaque
1192 523 1321 565 flagella

967 583 1006 606 ac
1029 575 1132 606 multa

968 622 1069 662 ignita
1096 625 1265 660 tormenta,

968 668 1074 703 ferrea
1101 669 1241 702 candens
1259 669 1417 701 machina.

966 728 1040 760 Illic
1064 728 1191 768 agmina
1212 727 1367 759 aetherea

967 775 1121 815 obsequia
1147 784 1286 816 congrua

966 824 1170 865 suggerenti-a

966 871 1150 911 praesentia

966 917 1079 951 fovent
1101 919 1187 951 hunc
1211 927 1278 951 sua.

965 977 1102 1017 Jamque
1126 976 1232 1016 posita

968 1025 1112 1065 corporis
1137 1024 1251 1057 trabea

969 1072 1121 1104 coelestia

966 1122 1090 1160 martyr
1114 1121 1183 1153 adit
1208 1129 1308 1162 regna

971 1171 1115 1208 comptus
1143 1177 1268 1203 corona.

658 1225 689 1258 9.
716 1224 819 1265 Hujus
845 1227 900 1267 pia

714 1273 806 1306 nobis
831 1277 961 1314 praesta

713 1322 903 1361 patrocinia,

715 1368 789 1409 quia
810 1372 869 1401 tua
891 1370 976 1410 regis
999 1370 1106 1401 omnia

712 1418 865 1457 potentia.

276 1489 317 1518 Cb
337 1491 387 1518 fol.
409 1489 445 1518 29
462 1499 487 1518 a.
511 1506 548 1510 —-
568 1491 593 1520 F
605 1491 655 1519 fol.
670 1490 707 1519 69
723 1500 749 1520 a.
769 1508 809 1513 —
829 1492 886 1521 Cfin
901 1494 1078 1529 Troparium
1091 1493 1280 1522 Floriacense
1293 1503 1370 1523 saec.
1388 1493 1431 1523 11.
1447 1495 1519 1524 Cod.

197 1530 342 1557 Parisien.
366 1529 462 1557 Nouv.
489 1538 552 1566 aeq.
579 1527 653 1558 1107
678 1531 715 1557 Σ.
742 1546 780 1551 —
806 1529 832 1567 1,
854 1540 873 1560 a
891 1533 1009 1560 intonat
1027 1531 1089 1560 ΡΣ.
1115 1548 1146 1552 -
1178 1531 1229 1567 11),
1252 1531 1266 1560 1
1291 1534 1386 1561 almas
1408 1534 1460 1561 Cb.
1482 1549 1521 1554 —

198 1565 252 1602 2a,
276 1566 290 1596 1
313 1567 423 1596 Sancta
441 1569 477 1595 Σ.
499 1583 535 1588 --
556 1566 608 1602 21),
633 1567 647 1596 1
664 1568 786 1597 Summa
799 1572 962 1607 quoquest
983 1586 1021 1590 —
1042 1567 1093 1605 31),
1115 1568 1133 1597 2
1152 1570 1318 1608 refulgebat
1330 1573 1394 1600 vita
1406 1572 1468 1601 ΡΣ.
1482 1589 1521 1594 —

198 1604 251 1641 4a,
270 1604 291 1634 4
310 1607 452 1642 praevida
473 1606 523 1635 Cb.
546 1623 554 1626 -
604 1606 656 1639 5b,
678 1605 696 1634 2
716 1607 849 1644 iniquam
870 1609 921 1637 Cb.
942 1624 980 1629 -ι-
1002 1608 1051 1644 63,
1077 1608 1090 1636 1
1112 1609 1185 1637 Inde
1197 1609 1230 1637 F.
1252 1625 1288 1630 -—
1309 1610 1359 1644 63,
1382 1609 1400 1639 3
1413 1611 1523 1640 referta

197 1644 230 1672 F.
251 1658 288 1664 -μ
309 1644 362 1680 61),
381 1643 394 1671 1
412 1646 616 1682 Amplieantur
631 1646 664 1674 F.
684 1662 723 1667 —
744 1644 796 1682 61),
819 1645 836 1674 6
849 1649 980 1675 maxima
993 1648 1044 1676 Ob.
1067 1663 1103 1668 —
1122 1647 1171 1683 73,
1189 1646 1203 1675 1
1218 1649 1417 1678 immensitate
1431 1651 1469 1677 Σ.
1483 1666 1522 1671 —-

197 1681 248 1718 7³,
270 1682 287 1711 5
309 1686 374 1711 atra
392 1684 433 1717 Σ;
455 1686 535 1712 astra
550 1683 600 1712 Cb.
622 1699 660 1703 —
680 1683 733 1719 7¹0,
757 1684 771 1713 1
795 1684 853 1713 Sed
872 1685 936 1714 illie
955 1687 992 1714 Σ.
1013 1703 1051 1707 -—
1071 1684 1124 1721 8a,
1144 1684 1162 1714 3
1182 1687 1303 1715 mellica
1314 1688 1351 1716 Σ.
1376 1704 1408 1708 -
1430 1686 1483 1726 83,
1504 1687 1524 1717 4

197 1721 299 1758 procul
327 1722 363 1750 ab
389 1722 442 1750 illo
469 1723 539 1758 quia
559 1722 610 1750 Cb.
635 1739 673 1743 —-
696 1721 750 1758 81),
774 1721 788 1751 1
807 1724 943 1761 Namque
961 1726 998 1752 Σ.
1019 1741 1057 1746 -—
1077 1723 1129 1760 81),
1150 1726 1170 1753 4
1189 1729 1325 1761 penetrat
1344 1727 1406 1755 alta
1427 1729 1463 1755 Σ.
1484 1743 1522 1748 -

199 1759 226 1793 9,
247 1758 267 1787 4
288 1762 358 1796 quia
379 1762 423 1796 Σ;
444 1763 476 1788 tu
497 1764 543 1789 est
561 1769 613 1790 rex
634 1763 762 1790 omnium
783 1763 819 1790 Σ.

626 1884 695 1916 207.
725 1884 767 1916 De
787 1886 894 1918 sancto
915 1885 1092 1919 Vincentio.

659 1965 691 1999 1.
717 1965 797 1997 Post
823 1967 1018 2005 apostolicos

717 2012 828 2054 globos
853 2013 994 2054 fulgidos

718 2060 890 2094 victoriosa
915 2062 1104 2096 docmnenta

891 2119 952 2152 2b.
971 2121 1093 2160 Quibus
1119 2125 1152 2153 et
1174 2125 1266 2163 patet

975 2170 1122 2208 paradisi

970 2217 1072 2256 janua.
1095 2218 1303 2255 lucidissima.

892 2273 951 2307 31).
975 2273 1054 2307 Cum
1078 2276 1222 2310 Daciam

977 2321 1121 2358 conflixit
1140 2325 1296 2358 audacter

975 2370 1041 2404 fide
1064 2372 1195 2412 probati

975 2419 1163 2453 Vincentius
1185 2422 1295 2455 levita„

202 2119 257 2150 2a.
283 2116 467 2156 Martyrmn
491 2119 597 2150 exstat

284 2173 437 2196 memoria

285 2213 384 2244 sacris
410 2212 544 2245 nexibus
567 2214 708 2253 prodita.

203 2273 259 2305 32.
283 2269 337 2303 Ex
362 2269 475 2310 quibus
495 2279 588 2311 unus,

287 2318 375 2358 cujus
401 2321 432 2350 et
455 2317 601 2358 probitas

287 2366 402 2399 celsior
426 2375 540 2399 nomen

286 2414 395 2448 evexit
419 2414 461 2448 ad
489 2417 586 2449 astra.
