1655 2637
640 182 690 215 39.
722 183 759 215 In
777 182 993 225 Epiphaniam
1012 183 1071 216 DN.

627 256 659 289 1.
686 256 760 289 Jam
787 256 856 288 dies
880 254 982 287 instat
1006 255 1101 297 alma,

685 313 748 344 qua
768 303 877 344 proles
905 303 981 335 diva

685 351 778 384 nobis
804 354 854 383 est
878 351 1031 384 revelata.

194 409 252 440 23..
279 405 409 439 Laudat
430 408 498 448 J'am
522 416 609 440 nune
631 418 697 441 una

282 463 428 487 connexa
452 456 547 496 plebs
571 458 709 497 utraque
732 466 754 489 a,

281 502 411 536 Christo
435 504 604 543 redempta

196 562 254 594 3a.
281 559 384 592 Ferat
407 570 541 594 munera

279 608 327 639 sie
351 608 448 648 plena
470 618 509 641 ae
533 609 677 652 mystica,

280 664 402 699 aurum,
430 657 515 696 thus,

280 704 445 744 myrrham
471 706 577 737 mente
601 714 694 745 pura,

196 763 256 797 4a.
283 761 493 794 celebrantes
518 770 604 795 nunc
629 763 784 795 solemnia

283 810 393 842 concio
418 819 573 850 praesens
600 810 779 843 clarissima

283 857 336 890 die
360 858 425 890 ista

200 918 256 949 52.
283 915 439 947 Nascitur
463 916 607 957 virginea

279 963 367 995 idem
391 964 499 1004 vulva,

280 1011 336 1051 qui
360 1014 411 1042 est
434 1014 511 1043 ante
534 1011 663 1043 saecula

279 1057 415 1091 infinita.

195 1118 253 1151 6a.
280 1116 356 1155 Ipse
383 1115 464 1147 duce
488 1125 572 1149 nova

279 1164 321 1196 ad
347 1172 406 1195 sua

280 1210 439 1243 cunabula

281 1259 374 1291 duxit
397 1268 507 1300 magos

280 1307 376 1339 stella
400 1306 594 1347 veneranda,

196 1368 252 1402 7a.
280 1364 381 1397 Sonat
405 1365 527 1398 Christi
551 1362 639 1396 fama

277 1422 339 1453 per
361 1413 451 1445 urbis
476 1412 613 1453 moenia,

277 1463 392 1501 patent
414 1461 563 1493 inaudita

278 1509 393 1541 stellae
417 1509 562 1549 nriracla,

277 1557 367 1598 regia

281 1608 484 1637 contremunt
508 1605 645 1644 imperia

279 1655 377 1693 atque
401 1653 421 1686 J
424 1654 604 1697 erosolyma
628 1656 706 1686 tota.

195 1713 254 1746 Sa.
281 1710 336 1743 Sic
360 1711 414 1743 via
440 1710 565 1744 directa

279 1759 323 1791 ad
346 1762 402 1791 tua

279 1808 342 1840 duc
365 1816 434 1850 nos,
463 1807 600 1846 Christe,
626 1815 727 1848 regna

279 1855 485 1896 sempiterna.

893 407 951 440 2b.

893 560 952 595 31).

892 762 954 797 4b.

893 914 952 948 5b.

893 1115 952 1148 6b.

893 1364 952 1399 7b.

891 1711 950 1745 81).

975 408 1126 441 Pandens
1151 407 1224 447 ipsa
1247 408 1335 440 laeta

975 456 1134 488 hodierna
1157 456 1313 495 mysteria

975 502 1042 536 fide
1066 505 1191 537 devota.

977 561 1139 595 Christum
1166 569 1248 601 quae
1273 570 1397 593 summa

978 610 1145 641 declarant
1166 609 1312 648 potentia

976 664 1112 698 regnare

975 714 1035 745 per
1060 704 1189 737 saecula
1210 707 1334 737 cuneta.

974 762 1172 795 Enarremus
1200 770 1277 794 voce
1301 763 1489 802 praecomta

978 810 1122 843 canendo
1150 809 1269 842 Christi
1294 810 1455 851 magnalia

977 858 1127 899 gloriosa.

977 916 1069 956 Sugit
1093 915 1205 947 matris
1228 915 1339 958 ubera,

972 964 1062 1003 jacet
1085 964 1174 995 intra

975 1019 1134 1051 praesepe
1159 1010 1341 1052 gubernans

976 1058 1136 1092 universa.

976 1115 1153 1148 offerentes
1181 1116 1266 1148 dona

975 1164 1074 1207 regia,

975 1211 1129 1243 testantia

976 1259 1083 1291 divam
1108 1261 1205 1299 atque

975 1307 1148 1340 humanam
1173 1311 1332 1341 naturam.

975 1365 1140 1397 Vocantur
1164 1364 1317 1397 Hebraea

976 1413 1018 1445 ad
1044 1413 1125 1445 haec
1150 1413 1295 1453 concilia,

975 1461 1124 1501 pandunt
1149 1469 1231 1501 quae
1257 1462 1421 1502 descripta

973 1509 1055 1549 loca,
1082 1512 1260 1550 properant

974 1558 1105 1590 reddita

976 1603 1194 1648 [Bethlehem]
1222 1606 1308 1647 magi
1335 1607 1396 1646 via,

976 1652 1088 1686 ferunt
1111 1662 1244 1686 munera
1268 1654 1338 1687 Deo
1365 1662 1468 1687 saera.

975 1711 1042 1751 Quo
1070 1712 1168 1751 digna
1191 1721 1326 1744 munera

974 1759 1103 1792 tibimet

975 1807 1145 1841 offeramus
1171 1817 1299 1849 semper

975 1855 1041 1889 fide
1064 1856 1186 1889 munda

601 1914 633 1947 9.
658 1914 768 1954 Atque
792 1913 932 1955 patriam
957 1915 1000 1947 ad
1024 1917 1169 1947 nostram

659 1963 832 1995 redeuntes
857 1962 1003 1995 vivamus
1028 1963 1096 1996 vita

659 2012 865 2051 sempiterna.

270 2077 311 2107 Cb
330 2078 380 2106 fol.
396 2075 433 2106 26
442 2086 468 2106 a.
494 2094 529 2099 —-
550 2076 603 2112 4b,
627 2076 641 2105 1
664 2086 835 2115 praeeoma3
858 2077 923 2106 dass
940 2078 1025 2106 nicht
1045 2082 1121 2107 etwa
1137 2081 1298 2115 praeconia
1311 2089 1350 2108 zu
1366 2081 1457 2115 lesen,
1478 2081 1530 2109 be-

188 2119 277 2147 weist
306 2117 358 2146 der
378 2117 535 2153 Umstand,
559 2117 626 2145 dass
647 2117 701 2145 das
720 2118 810 2146 Wort
829 2125 887 2144 nur
907 2116 971 2145 drei
991 2121 1102 2154 puncta
1120 2117 1182 2145 hat.
1201 2134 1222 2138 —
1234 2135 1241 2138 -
1260 2118 1314 2153 Ta,
1336 2118 1357 2148 4
1376 2120 1532 2149 miracula.

584 2211 636 2244 40.
660 2210 696 2244 In
717 2209 1013 2252 Transfiguratione
1032 2211 1091 2244 DN.

685 2280 719 2313 1.
747 2277 953 2321 Sempiterna

893 2336 951 2370 2b.

190 2342 248 2374 22.
277 2338 408 2371 Virtute
434 2339 514 2371 cluit
539 2340 655 2371 cuncta

275 2387 433 2421 Dominus
459 2396 574 2429 regens
602 2390 722 2429 creata,

977 2337 1076 2378 Cujus
1101 2337 1135 2370 in
1162 2338 1306 2371 caltudia

974 2395 1161 2419 resonemus
1188 2396 1352 2429 orgamca,
