<?xml version="1.0" encoding="UTF-8"?>
<!DOCTYPE html PUBLIC "-//W3C//DTD XHTML 1.0 Transitional//EN"
    "http://www.w3.org/TR/xhtml1/DTD/xhtml1-transitional.dtd">
<html xmlns="http://www.w3.org/1999/xhtml" xml:lang="en" lang="en">
 <head>
  <title>
</title>
<meta http-equiv="Content-Type" content="text/html;charset=utf-8" />
  <meta name='ocr-system' content='tesseract 3.04.00' />
  <meta name='ocr-capabilities' content='ocr_page ocr_carea ocr_par ocr_line ocrx_word'/>
</head>
<body>
  <div class='ocr_page' id='page_1' title='image "./analectahymnica07drevuoft_00132.png"; bbox 0 0 1655 2637; ppageno 0'>
   <div class='ocr_carea' id='block_1_1' title="bbox 717 111 982 146">
    <p class='ocr_par' dir='ltr' id='par_1_1' title="bbox 717 111 982 146">
     <span class='ocr_line' id='line_1_1' title="bbox 717 111 982 146; baseline 0 0"><span class='ocrx_word' id='word_1_1' title='bbox 717 111 982 146; x_wconf 80' lang='lat'>—125—</span> 
     </span>
    </p>
   </div>
   <div class='ocr_carea' id='block_1_2' title="bbox 183 207 1460 251">
    <p class='ocr_par' dir='ltr' id='par_1_2' title="bbox 183 207 1460 251">
     <span class='ocr_line' id='line_1_2' title="bbox 183 207 1460 251; baseline -0.001 -10"><span class='ocrx_word' id='word_1_2' title='bbox 183 208 243 242; x_wconf 66' lang='lat'>42.</span> <span class='ocrx_word' id='word_1_3' title='bbox 271 207 359 249; x_wconf 82' lang='lat' dir='ltr'>Ergo</span> <span class='ocrx_word' id='word_1_4' title='bbox 386 208 483 242; x_wconf 80' lang='lat' dir='ltr'>laude</span> <span class='ocrx_word' id='word_1_5' title='bbox 508 209 550 242; x_wconf 90' lang='lat' dir='ltr'>ad</span> <span class='ocrx_word' id='word_1_6' title='bbox 580 209 689 242; x_wconf 81' lang='lat' dir='ltr'>sidera</span> <span class='ocrx_word' id='word_1_7' title='bbox 878 208 938 243; x_wconf 76' lang='grc'>411.</span> <span class='ocrx_word' id='word_1_8' title='bbox 961 209 1065 250; x_wconf 84' lang='lat' dir='ltr'>Super</span> <span class='ocrx_word' id='word_1_9' title='bbox 1091 218 1172 251; x_wconf 86' lang='lat' dir='ltr'>quae</span> <span class='ocrx_word' id='word_1_10' title='bbox 1189 211 1256 251; x_wconf 75' lang='lat' dir='ltr'>Jam</span> <span class='ocrx_word' id='word_1_11' title='bbox 1281 213 1330 243; x_wconf 81' lang='lat' dir='ltr'>est,</span> <span class='ocrx_word' id='word_1_12' title='bbox 1354 209 1460 250; x_wconf 84' lang='lat' dir='ltr'>posita</span> 
     </span>
    </p>
   </div>
   <div class='ocr_carea' id='block_1_3' title="bbox 182 256 1450 924">
    <p class='ocr_par' dir='ltr' id='par_1_3' title="bbox 267 256 1450 299">
     <span class='ocr_line' id='line_1_3' title="bbox 267 256 1450 299; baseline 0 -11"><span class='ocrx_word' id='word_1_13' title='bbox 267 256 418 289; x_wconf 87' lang='lat' dir='ltr'>tollamus</span> <span class='ocrx_word' id='word_1_14' title='bbox 444 266 514 290; x_wconf 84' lang='lat' dir='ltr'>eam</span> <span class='ocrx_word' id='word_1_15' title='bbox 538 257 657 298; x_wconf 82' lang='lat' dir='ltr'>lucida,</span> <span class='ocrx_word' id='word_1_16' title='bbox 961 260 1027 289; x_wconf 86' lang='lat' dir='ltr'>tam</span> <span class='ocrx_word' id='word_1_17' title='bbox 1054 266 1188 299; x_wconf 85' lang='lat' dir='ltr'>corpore</span> <span class='ocrx_word' id='word_1_18' title='bbox 1213 268 1308 299; x_wconf 86' lang='lat' dir='ltr'>quam</span> <span class='ocrx_word' id='word_1_19' title='bbox 1333 258 1450 291; x_wconf 88' lang='lat' dir='ltr'>anima.</span> 
     </span>
    </p>

    <p class='ocr_par' dir='ltr' id='par_1_4' title="bbox 184 312 1272 444">
     <span class='ocr_line' id='line_1_4' title="bbox 184 312 1272 356; baseline 0.001 -9"><span class='ocrx_word' id='word_1_20' title='bbox 184 314 241 347; x_wconf 64' lang='grc' dir='ltr'>δα.</span> <span class='ocrx_word' id='word_1_21' title='bbox 268 312 360 346; x_wconf 84' lang='lat' dir='ltr'>Haec</span> <span class='ocrx_word' id='word_1_22' title='bbox 384 314 476 356; x_wconf 85' lang='lat' dir='ltr'>virgo</span> <span class='ocrx_word' id='word_1_23' title='bbox 501 315 615 347; x_wconf 86' lang='lat' dir='ltr'>inclita</span> <span class='ocrx_word' id='word_1_24' title='bbox 878 314 937 348; x_wconf 84' lang='lat' dir='ltr'>5b.</span> <span class='ocrx_word' id='word_1_25' title='bbox 963 313 1056 355; x_wconf 80' lang='lat' dir='ltr'>Cogit</span> <span class='ocrx_word' id='word_1_26' title='bbox 1080 316 1122 347; x_wconf 83' lang='lat' dir='ltr'>ad</span> <span class='ocrx_word' id='word_1_27' title='bbox 1146 318 1272 348; x_wconf 85' lang='lat' dir='ltr'>tartara</span> 
     </span>
     <span class='ocr_line' id='line_1_5' title="bbox 269 361 1197 403; baseline 0.001 -9"><span class='ocrx_word' id='word_1_28' title='bbox 269 366 437 402; x_wconf 83' lang='lat' dir='ltr'>materque</span> <span class='ocrx_word' id='word_1_29' title='bbox 464 365 561 402; x_wconf 85' lang='lat' dir='ltr'>casta,</span> <span class='ocrx_word' id='word_1_30' title='bbox 960 362 1009 394; x_wconf 87' lang='lat' dir='ltr'>ire</span> <span class='ocrx_word' id='word_1_31' title='bbox 1033 361 1197 403; x_wconf 81' lang='lat' dir='ltr'>profunda</span> 
     </span>
     <span class='ocr_line' id='line_1_6' title="bbox 268 409 1263 444; baseline 0.002 -3"><span class='ocrx_word' id='word_1_32' title='bbox 268 418 345 442; x_wconf 85' lang='lat' dir='ltr'>vera</span> <span class='ocrx_word' id='word_1_33' title='bbox 371 409 496 443; x_wconf 82' lang='lat' dir='ltr'>deifera</span> <span class='ocrx_word' id='word_1_34' title='bbox 961 414 1084 442; x_wconf 85' lang='lat' dir='ltr'>mentes</span> <span class='ocrx_word' id='word_1_35' title='bbox 1110 411 1263 444; x_wconf 79' lang='lat' dir='ltr'>Judaicas</span> 
     </span>
    </p>

    <p class='ocr_par' dir='ltr' id='par_1_5' title="bbox 183 467 1441 557">
     <span class='ocr_line' id='line_1_7' title="bbox 183 467 1441 510; baseline -0.001 -9"><span class='ocrx_word' id='word_1_36' title='bbox 183 469 240 501; x_wconf 82' lang='lat' dir='ltr'>6a.</span> <span class='ocrx_word' id='word_1_37' title='bbox 269 468 408 508; x_wconf 80' lang='lat' dir='ltr'>Propter</span> <span class='ocrx_word' id='word_1_38' title='bbox 431 478 490 501; x_wconf 88' lang='lat' dir='ltr'>sua</span> <span class='ocrx_word' id='word_1_39' title='bbox 516 469 674 510; x_wconf 83' lang='lat' dir='ltr'>dogmata,</span> <span class='ocrx_word' id='word_1_40' title='bbox 878 467 936 501; x_wconf 85' lang='lat' dir='ltr'>6b.</span> <span class='ocrx_word' id='word_1_41' title='bbox 961 468 1052 506; x_wconf 68' lang='lat' dir='ltr'>Quod</span> <span class='ocrx_word' id='word_1_42' title='bbox 1079 467 1224 501; x_wconf 81' lang='lat' dir='ltr'>Christus</span> <span class='ocrx_word' id='word_1_43' title='bbox 1248 478 1313 501; x_wconf 86' lang='lat' dir='ltr'>non</span> <span class='ocrx_word' id='word_1_44' title='bbox 1338 477 1378 501; x_wconf 84' lang='lat' dir='ltr'>ex</span> <span class='ocrx_word' id='word_1_45' title='bbox 1404 477 1441 500; x_wconf 87' lang='lat' dir='ltr'>ea</span> 
     </span>
     <span class='ocr_line' id='line_1_8' title="bbox 268 515 1334 557; baseline 0.002 -10"><span class='ocrx_word' id='word_1_46' title='bbox 268 516 367 556; x_wconf 83' lang='lat' dir='ltr'>plena</span> <span class='ocrx_word' id='word_1_47' title='bbox 390 515 604 557; x_wconf 75' lang='lat' dir='ltr'>blasphemia,</span> <span class='ocrx_word' id='word_1_48' title='bbox 961 524 1090 547; x_wconf 84' lang='lat' dir='ltr'>carnem</span> <span class='ocrx_word' id='word_1_49' title='bbox 1116 519 1334 557; x_wconf 74' lang='lat' dir='ltr'><strong>assumpserat</strong></span> 
     </span>
    </p>

    <p class='ocr_par' dir='ltr' id='par_1_6' title="bbox 184 572 1383 664">
     <span class='ocr_line' id='line_1_9' title="bbox 184 572 1383 615; baseline 0.001 -10"><span class='ocrx_word' id='word_1_50' title='bbox 184 573 239 605; x_wconf 82' lang='lat' dir='ltr'>7a.</span> <span class='ocrx_word' id='word_1_51' title='bbox 266 572 401 614; x_wconf 80' lang='lat' dir='ltr'>Absque</span> <span class='ocrx_word' id='word_1_52' title='bbox 425 573 524 606; x_wconf 87' lang='lat' dir='ltr'>maris</span> <span class='ocrx_word' id='word_1_53' title='bbox 545 574 654 614; x_wconf 81' lang='lat' dir='ltr'>aliqua</span> <span class='ocrx_word' id='word_1_54' title='bbox 878 575 896 606; x_wconf 85' lang='lat'><strong>7</strong></span> <span class='ocrx_word' id='word_1_55' title='bbox 907 573 938 606; x_wconf 91' lang='lat' dir='ltr'>b.</span> <span class='ocrx_word' id='word_1_56' title='bbox 960 572 1104 605; x_wconf 82' lang='lat' dir='ltr'>Horrent</span> <span class='ocrx_word' id='word_1_57' title='bbox 1128 575 1213 615; x_wconf 80' lang='lat' dir='ltr'>quod</span> <span class='ocrx_word' id='word_1_58' title='bbox 1239 573 1302 606; x_wconf 83' lang='lat' dir='ltr'>fari</span> <span class='ocrx_word' id='word_1_59' title='bbox 1326 583 1383 606; x_wconf 86' lang='lat' dir='ltr'>ora</span> 
     </span>
     <span class='ocr_line' id='line_1_10' title="bbox 269 621 1127 664; baseline 0.002 -12"><span class='ocrx_word' id='word_1_60' title='bbox 269 621 435 664; x_wconf 80' lang='lat' dir='ltr'>illecebra,</span> <span class='ocrx_word' id='word_1_61' title='bbox 961 621 1127 654; x_wconf 83' lang='lat' dir='ltr'>catholica.</span> 
     </span>
    </p>

    <p class='ocr_par' dir='ltr' id='par_1_7' title="bbox 182 677 1332 770">
     <span class='ocr_line' id='line_1_11' title="bbox 182 677 1332 721; baseline 0.001 -10"><span class='ocrx_word' id='word_1_62' title='bbox 182 679 237 711; x_wconf 73' lang='lat' dir='ltr'>Sa.</span> <span class='ocrx_word' id='word_1_63' title='bbox 266 677 362 710; x_wconf 87' lang='lat' dir='ltr'>Unde</span> <span class='ocrx_word' id='word_1_64' title='bbox 386 686 513 718; x_wconf 84' lang='lat' dir='ltr'>semper</span> <span class='ocrx_word' id='word_1_65' title='bbox 538 688 604 719; x_wconf 84' lang='lat' dir='ltr'>ora,</span> <span class='ocrx_word' id='word_1_66' title='bbox 877 678 937 712; x_wconf 74' lang='lat' dir='ltr'>eb.</span> <span class='ocrx_word' id='word_1_67' title='bbox 966 678 1112 711; x_wconf 86' lang='lat' dir='ltr'><strong>Omnium</strong></span> <span class='ocrx_word' id='word_1_68' title='bbox 1136 689 1196 721; x_wconf 89' lang='lat' dir='ltr'>pro</span> <span class='ocrx_word' id='word_1_69' title='bbox 1221 682 1332 712; x_wconf 79' lang='lat' dir='ltr'>nostra</span> 
     </span>
     <span class='ocr_line' id='line_1_12' title="bbox 264 726 1222 770; baseline 0.002 -13"><span class='ocrx_word' id='word_1_70' title='bbox 264 728 376 757; x_wconf 85' lang='lat' dir='ltr'>sancta</span> <span class='ocrx_word' id='word_1_71' title='bbox 398 726 515 762; x_wconf 75' lang='lat' dir='ltr'>Maria,</span> <span class='ocrx_word' id='word_1_72' title='bbox 961 727 1065 758; x_wconf 83' lang='lat' dir='ltr'>salute</span> <span class='ocrx_word' id='word_1_73' title='bbox 1089 736 1222 770; x_wconf 83' lang='lat' dir='ltr'>magna;</span> 
     </span>
    </p>

    <p class='ocr_par' dir='ltr' id='par_1_8' title="bbox 182 781 1443 924">
     <span class='ocr_line' id='line_1_13' title="bbox 182 781 1443 827; baseline 0.001 -12"><span class='ocrx_word' id='word_1_74' title='bbox 182 783 240 815; x_wconf 84' lang='lat' dir='ltr'>9a.</span> <span class='ocrx_word' id='word_1_75' title='bbox 268 781 314 814; x_wconf 90' lang='lat' dir='ltr'>Ut</span> <span class='ocrx_word' id='word_1_76' title='bbox 339 791 399 822; x_wconf 85' lang='lat' dir='ltr'>per</span> <span class='ocrx_word' id='word_1_77' title='bbox 424 787 481 816; x_wconf 83' lang='lat' dir='ltr'>tua</span> <span class='ocrx_word' id='word_1_78' title='bbox 504 784 664 823; x_wconf 85' lang='lat' dir='ltr'>possimus</span> <span class='ocrx_word' id='word_1_79' title='bbox 877 783 936 817; x_wconf 88' lang='lat' dir='ltr'>9b.</span> <span class='ocrx_word' id='word_1_80' title='bbox 958 784 1019 823; x_wconf 74' lang='lat' dir='ltr'>Qui</span> <span class='ocrx_word' id='word_1_81' title='bbox 1045 785 1216 827; x_wconf 82' lang='lat' dir='ltr'>credimus,</span> <span class='ocrx_word' id='word_1_82' title='bbox 1244 785 1329 825; x_wconf 84' lang='lat' dir='ltr'>quod</span> <span class='ocrx_word' id='word_1_83' title='bbox 1354 784 1443 825; x_wconf 85' lang='lat' dir='ltr'>virgo</span> 
     </span>
     <span class='ocr_line' id='line_1_14' title="bbox 268 830 1165 873; baseline 0.003 -12"><span class='ocrx_word' id='word_1_84' title='bbox 268 830 349 862; x_wconf 84' lang='lat' dir='ltr'>coeli</span> <span class='ocrx_word' id='word_1_85' title='bbox 374 839 474 873; x_wconf 83' lang='lat' dir='ltr'>regna</span> <span class='ocrx_word' id='word_1_86' title='bbox 958 832 1062 864; x_wconf 91' lang='lat' dir='ltr'>Deum</span> <span class='ocrx_word' id='word_1_87' title='bbox 1087 842 1165 865; x_wconf 84' lang='lat' dir='ltr'>vera</span> 
     </span>
     <span class='ocr_line' id='line_1_15' title="bbox 264 880 1299 924; baseline 0.003 -14"><span class='ocrx_word' id='word_1_88' title='bbox 264 887 322 910; x_wconf 83' lang='lat' dir='ltr'>nos</span> <span class='ocrx_word' id='word_1_89' title='bbox 347 880 504 913; x_wconf 83' lang='lat' dir='ltr'>scandere</span> <span class='ocrx_word' id='word_1_90' title='bbox 528 880 653 924; x_wconf 81' lang='lat' dir='ltr'>merita,</span> <span class='ocrx_word' id='word_1_91' title='bbox 961 880 1002 912; x_wconf 81' lang='lat' dir='ltr'>cle</span> <span class='ocrx_word' id='word_1_92' title='bbox 1028 888 1125 913; x_wconf 83' lang='lat' dir='ltr'>carne</span> <span class='ocrx_word' id='word_1_93' title='bbox 1144 891 1299 922; x_wconf 78' lang='lat' dir='ltr'>genueras</span> 
     </span>
    </p>
   </div>
   <div class='ocr_carea' id='block_1_4' title="bbox 642 946 1137 1027">
    <p class='ocr_par' dir='ltr' id='par_1_9' title="bbox 642 946 1137 1027">
     <span class='ocr_line' id='line_1_16' title="bbox 642 946 1137 987; baseline 0 -7"><span class='ocrx_word' id='word_1_94' title='bbox 642 947 698 980; x_wconf 87' lang='lat'>10.</span> <span class='ocrx_word' id='word_1_95' title='bbox 724 946 768 978; x_wconf 80' lang='lat' dir='ltr'>Et</span> <span class='ocrx_word' id='word_1_96' title='bbox 793 947 884 987; x_wconf 83' lang='lat' dir='ltr'>virgo</span> <span class='ocrx_word' id='word_1_97' title='bbox 909 950 984 987; x_wconf 83' lang='lat' dir='ltr'>post</span> <span class='ocrx_word' id='word_1_98' title='bbox 1008 950 1137 987; x_wconf 79' lang='lat' dir='ltr'>partum</span> 
     </span>
     <span class='ocr_line' id='line_1_17' title="bbox 724 994 1044 1027; baseline 0.006 -2"><span class='ocrx_word' id='word_1_99' title='bbox 724 994 880 1026; x_wconf 83' lang='lat' dir='ltr'>inviolata</span> <span class='ocrx_word' id='word_1_100' title='bbox 904 1004 1044 1027; x_wconf 68' lang='lat' dir='ltr'>mancas</span> 
     </span>
    </p>
   </div>
   <div class='ocr_carea' id='block_1_5' title="bbox 179 1068 1510 1147">
    <p class='ocr_par' dir='ltr' id='par_1_10' title="bbox 179 1068 1510 1147">
     <span class='ocr_line' id='line_1_18' title="bbox 256 1068 1508 1101; baseline 0.002 -4"><span class='ocrx_word' id='word_1_101' title='bbox 256 1069 297 1097; x_wconf 79' lang='lat' dir='ltr'>Ca</span> <span class='ocrx_word' id='word_1_102' title='bbox 325 1069 374 1097; x_wconf 77' lang='lat' dir='ltr'>fol.</span> <span class='ocrx_word' id='word_1_103' title='bbox 406 1068 441 1098; x_wconf 83' lang='lat'>31</span> <span class='ocrx_word' id='word_1_104' title='bbox 451 1078 477 1097; x_wconf 85' lang='lat' dir='ltr'>a.</span> <span class='ocrx_word' id='word_1_105' title='bbox 505 1084 543 1088; x_wconf 89' lang='lat'>——</span> <span class='ocrx_word' id='word_1_106' title='bbox 568 1069 625 1097; x_wconf 82' lang='lat' dir='ltr'>Cfr.</span> <span class='ocrx_word' id='word_1_107' title='bbox 647 1070 819 1097; x_wconf 80' lang='lat' dir='ltr'>Prosarium</span> <span class='ocrx_word' id='word_1_108' title='bbox 842 1070 1056 1098; x_wconf 71' lang='lat' dir='ltr'>Bellovacense</span> <span class='ocrx_word' id='word_1_109' title='bbox 1082 1079 1158 1100; x_wconf 79' lang='lat' dir='ltr'>saec.</span> <span class='ocrx_word' id='word_1_110' title='bbox 1189 1071 1233 1100; x_wconf 87' lang='grc'>15.</span> <span class='ocrx_word' id='word_1_111' title='bbox 1262 1072 1332 1101; x_wconf 73' lang='lat' dir='ltr'>Coa.</span> <span class='ocrx_word' id='word_1_112' title='bbox 1357 1072 1508 1100; x_wconf 85' lang='lat' dir='ltr'>Parisiens</span> 
     </span>
     <span class='ocr_line' id='line_1_19' title="bbox 179 1105 1510 1147; baseline 0.002 -13"><span class='ocrx_word' id='word_1_113' title='bbox 179 1105 262 1135; x_wconf 87' lang='lat'>1140.</span> <span class='ocrx_word' id='word_1_114' title='bbox 283 1108 320 1134; x_wconf 79' lang='grc' dir='ltr'>Σ.</span> <span class='ocrx_word' id='word_1_115' title='bbox 341 1123 378 1127; x_wconf 92' lang='grc'>-</span> <span class='ocrx_word' id='word_1_116' title='bbox 392 1105 443 1142; x_wconf 82' lang='lat' dir='ltr'>2a,</span> <span class='ocrx_word' id='word_1_117' title='bbox 468 1107 481 1135; x_wconf 85' lang='lat'>1</span> <span class='ocrx_word' id='word_1_118' title='bbox 503 1107 702 1136; x_wconf 79' lang='lat' dir='ltr'>venerandam</span> <span class='ocrx_word' id='word_1_119' title='bbox 721 1108 775 1139; x_wconf 78' lang='lat' dir='ltr'>Ca:</span> <span class='ocrx_word' id='word_1_120' title='bbox 799 1109 964 1136; x_wconf 66' lang='lat' dir='ltr'>venerando</span> <span class='ocrx_word' id='word_1_121' title='bbox 985 1110 1022 1136; x_wconf 75' lang='grc' dir='ltr'>Σ.</span> <span class='ocrx_word' id='word_1_122' title='bbox 1043 1124 1081 1129; x_wconf 84' lang='lat'><strong>—</strong></span> <span class='ocrx_word' id='word_1_123' title='bbox 1101 1109 1157 1145; x_wconf 65' lang='lat'>21),</span> <span class='ocrx_word' id='word_1_124' title='bbox 1179 1110 1197 1138; x_wconf 83' lang='lat'>2</span> <span class='ocrx_word' id='word_1_125' title='bbox 1217 1112 1385 1147; x_wconf 78' lang='lat' dir='ltr'>patrocinia</span> <span class='ocrx_word' id='word_1_126' title='bbox 1401 1111 1451 1139; x_wconf 85' lang='lat' dir='ltr'>Ca.</span> <span class='ocrx_word' id='word_1_127' title='bbox 1473 1126 1510 1130; x_wconf 90' lang='lat'>—</span> 
     </span>
    </p>
   </div>
   <div class='ocr_carea' id='block_1_6' title="bbox 177 1143 1007 1182">
    <p class='ocr_par' dir='ltr' id='par_1_11' title="bbox 177 1143 1007 1182">
     <span class='ocr_line' id='line_1_20' title="bbox 177 1143 1007 1182; baseline 0.002 -9"><span class='ocrx_word' id='word_1_128' title='bbox 177 1143 232 1179; x_wconf 72' lang='lat' dir='ltr'>ea,</span> <span class='ocrx_word' id='word_1_129' title='bbox 256 1144 270 1172; x_wconf 91' lang='lat'>1</span> <span class='ocrx_word' id='word_1_130' title='bbox 293 1146 364 1173; x_wconf 78' lang='lat' dir='ltr'>aula</span> <span class='ocrx_word' id='word_1_131' title='bbox 383 1148 427 1181; x_wconf 68' lang='lat'>2&#39;3</span> <span class='ocrx_word' id='word_1_132' title='bbox 450 1147 496 1174; x_wconf 75' lang='lat' dir='ltr'>(lie</span> <span class='ocrx_word' id='word_1_133' title='bbox 517 1154 610 1182; x_wconf 79' lang='lat' dir='ltr'>ganze</span> <span class='ocrx_word' id='word_1_134' title='bbox 632 1146 759 1182; x_wconf 75' lang='lat' dir='ltr'>Strophe</span> <span class='ocrx_word' id='word_1_135' title='bbox 778 1147 874 1175; x_wconf 81' lang='lat' dir='ltr'>lautet</span> <span class='ocrx_word' id='word_1_136' title='bbox 893 1149 925 1174; x_wconf 88' lang='lat' dir='ltr'>in</span> <span class='ocrx_word' id='word_1_137' title='bbox 947 1147 1007 1175; x_wconf 79' lang='lat' dir='ltr'>Ga:</span> 
     </span>
    </p>
   </div>
   <div class='ocr_carea' id='block_1_7' title="bbox 175 1195 1507 1395">
    <p class='ocr_par' dir='ltr' id='par_1_12' title="bbox 175 1195 1507 1395">
     <span class='ocr_line' id='line_1_21' title="bbox 719 1195 968 1230; baseline 0.004 -8"><span class='ocrx_word' id='word_1_138' title='bbox 719 1195 756 1222; x_wconf 88' lang='lat' dir='ltr'>In</span> <span class='ocrx_word' id='word_1_139' title='bbox 776 1195 859 1230; x_wconf 85' lang='lat' dir='ltr'>cujus</span> <span class='ocrx_word' id='word_1_140' title='bbox 879 1195 968 1223; x_wconf 83' lang='lat' dir='ltr'>laude</span> 
     </span>
     <span class='ocr_line' id='line_1_22' title="bbox 716 1233 860 1261; baseline 0.007 -1"><span class='ocrx_word' id='word_1_141' title='bbox 716 1233 860 1261; x_wconf 84' lang='lat' dir='ltr'>melliflua</span> 
     </span>
     <span class='ocr_line' id='line_1_23' title="bbox 716 1272 893 1309; baseline 0.006 -10"><span class='ocrx_word' id='word_1_142' title='bbox 716 1272 893 1309; x_wconf 80' lang='lat' dir='ltr'>symphonia</span> 
     </span>
     <span class='ocr_line' id='line_1_24' title="bbox 715 1314 995 1348; baseline 0 -10"><span class='ocrx_word' id='word_1_143' title='bbox 715 1314 856 1339; x_wconf 80' lang='lat' dir='ltr'>resonant</span> <span class='ocrx_word' id='word_1_144' title='bbox 876 1319 995 1348; x_wconf 82' lang='lat' dir='ltr'>organa.</span> 
     </span>
     <span class='ocr_line' id='line_1_25' title="bbox 175 1356 1507 1395; baseline 0.005 -11"><span class='ocrx_word' id='word_1_145' title='bbox 175 1357 238 1384; x_wconf 88' lang='lat' dir='ltr'>Das</span> <span class='ocrx_word' id='word_1_146' title='bbox 259 1356 481 1392; x_wconf 77' lang='lat' dir='ltr'>Nachfolgende</span> <span class='ocrx_word' id='word_1_147' title='bbox 512 1357 647 1386; x_wconf 66' lang='lat' dir='ltr'>sehliosst</span> <span class='ocrx_word' id='word_1_148' title='bbox 671 1358 736 1385; x_wconf 83' lang='lat' dir='ltr'>sich</span> <span class='ocrx_word' id='word_1_149' title='bbox 762 1358 920 1386; x_wconf 84' lang='lat' dir='ltr'>inhaltlich</span> <span class='ocrx_word' id='word_1_150' title='bbox 946 1367 1035 1395; x_wconf 80' lang='lat' dir='ltr'>enger</span> <span class='ocrx_word' id='word_1_151' title='bbox 1063 1367 1100 1387; x_wconf 88' lang='lat' dir='ltr'>an</span> <span class='ocrx_word' id='word_1_152' title='bbox 1128 1361 1176 1388; x_wconf 78' lang='lat' dir='ltr'>&lt;lie</span> <span class='ocrx_word' id='word_1_153' title='bbox 1195 1361 1304 1389; x_wconf 80' lang='lat' dir='ltr'>Lesart</span> <span class='ocrx_word' id='word_1_154' title='bbox 1330 1370 1390 1389; x_wconf 88' lang='lat' dir='ltr'>von</span> <span class='ocrx_word' id='word_1_155' title='bbox 1412 1363 1440 1389; x_wconf 73' lang='grc' dir='ltr'><em>Σ</em></span> <span class='ocrx_word' id='word_1_156' title='bbox 1461 1370 1507 1395; x_wconf 83' lang='lat' dir='ltr'>an,</span> 
     </span>
    </p>
   </div>
   <div class='ocr_carea' id='block_1_8' title="bbox 174 1395 1509 1549">
    <p class='ocr_par' dir='ltr' id='par_1_13' title="bbox 174 1395 1509 1549">
     <span class='ocr_line' id='line_1_26' title="bbox 174 1395 1506 1437; baseline 0.005 -15"><span class='ocrx_word' id='word_1_157' title='bbox 174 1395 306 1423; x_wconf 85' lang='lat' dir='ltr'>weshalb</span> <span class='ocrx_word' id='word_1_158' title='bbox 328 1395 425 1424; x_wconf 81' lang='lat' dir='ltr'>dieser</span> <span class='ocrx_word' id='word_1_159' title='bbox 445 1397 502 1425; x_wconf 76' lang='lat' dir='ltr'>&lt;len</span> <span class='ocrx_word' id='word_1_160' title='bbox 522 1397 643 1433; x_wconf 79' lang='lat' dir='ltr'>Vorzug</span> <span class='ocrx_word' id='word_1_161' title='bbox 662 1397 804 1434; x_wconf 81' lang='lat' dir='ltr'>gegeben.</span> <span class='ocrx_word' id='word_1_162' title='bbox 824 1413 863 1417; x_wconf 88' lang='lat'><strong>—</strong></span> <span class='ocrx_word' id='word_1_163' title='bbox 878 1395 930 1432; x_wconf 71' lang='lat'>31),</span> <span class='ocrx_word' id='word_1_164' title='bbox 955 1397 969 1425; x_wconf 88' lang='lat'>1</span> <span class='ocrx_word' id='word_1_165' title='bbox 993 1398 1087 1432; x_wconf 74' lang='lat' dir='ltr'>Quem</span> <span class='ocrx_word' id='word_1_166' title='bbox 1109 1399 1159 1427; x_wconf 85' lang='lat' dir='ltr'>Ca.</span> <span class='ocrx_word' id='word_1_167' title='bbox 1180 1416 1219 1420; x_wconf 89' lang='lat'><strong>—</strong></span> <span class='ocrx_word' id='word_1_168' title='bbox 1239 1399 1284 1428; x_wconf 81' lang='lat' dir='ltr'>4a</span> <span class='ocrx_word' id='word_1_169' title='bbox 1306 1400 1318 1428; x_wconf 84' lang='lat'>1</span> <span class='ocrx_word' id='word_1_170' title='bbox 1342 1409 1451 1437; x_wconf 58' lang='lat' dir='ltr'>supera</span> <span class='ocrx_word' id='word_1_171' title='bbox 1469 1402 1506 1428; x_wconf 72' lang='grc' dir='ltr'>Ξ.</span> 
     </span>
     <span class='ocr_line' id='line_1_27' title="bbox 175 1431 1509 1472; baseline 0.005 -12"><span class='ocrx_word' id='word_1_172' title='bbox 175 1450 213 1453; x_wconf 88' lang='grc'>-</span> <span class='ocrx_word' id='word_1_173' title='bbox 232 1432 294 1468; x_wconf 80' lang='lat' dir='ltr'>4a,</span> <span class='ocrx_word' id='word_1_174' title='bbox 319 1431 337 1460; x_wconf 88' lang='lat'>2</span> <span class='ocrx_word' id='word_1_175' title='bbox 361 1434 501 1463; x_wconf 81' lang='lat' dir='ltr'>tollamus</span> <span class='ocrx_word' id='word_1_176' title='bbox 521 1435 623 1463; x_wconf 79' lang='lat' dir='ltr'>lueida</span> <span class='ocrx_word' id='word_1_177' title='bbox 642 1436 678 1463; x_wconf 78' lang='grc' dir='ltr'>Σ.</span> <span class='ocrx_word' id='word_1_178' title='bbox 698 1451 738 1455; x_wconf 91' lang='grc'>--</span> <span class='ocrx_word' id='word_1_179' title='bbox 757 1435 819 1470; x_wconf 82' lang='grc'>411,</span> <span class='ocrx_word' id='word_1_180' title='bbox 849 1433 866 1462; x_wconf 84' lang='grc'><strong>2</strong></span> <span class='ocrx_word' id='word_1_181' title='bbox 887 1437 920 1463; x_wconf 87' lang='lat' dir='ltr'>in</span> <span class='ocrx_word' id='word_1_182' title='bbox 941 1445 1061 1472; x_wconf 75' lang='lat' dir='ltr'>corpere</span> <span class='ocrx_word' id='word_1_183' title='bbox 1078 1437 1129 1466; x_wconf 90' lang='lat' dir='ltr'>Ca.</span> <span class='ocrx_word' id='word_1_184' title='bbox 1150 1453 1187 1457; x_wconf 91' lang='lat'>—</span> <span class='ocrx_word' id='word_1_185' title='bbox 1209 1437 1260 1472; x_wconf 82' lang='lat' dir='ltr'>6a,</span> <span class='ocrx_word' id='word_1_186' title='bbox 1285 1438 1295 1466; x_wconf 88' lang='lat'><em>1</em></span> <span class='ocrx_word' id='word_1_187' title='bbox 1320 1447 1375 1467; x_wconf 89' lang='lat' dir='ltr'>sua</span> <span class='ocrx_word' id='word_1_188' title='bbox 1396 1439 1509 1467; x_wconf 72' lang='lat' dir='ltr'>seelera</span> 
     </span>
     <span class='ocr_line' id='line_1_28' title="bbox 176 1471 1506 1514; baseline 0.005 -15"><span class='ocrx_word' id='word_1_189' title='bbox 176 1472 226 1500; x_wconf 85' lang='lat' dir='ltr'>Ca.</span> <span class='ocrx_word' id='word_1_190' title='bbox 248 1487 284 1492; x_wconf 90' lang='lat'>-—</span> <span class='ocrx_word' id='word_1_191' title='bbox 307 1471 364 1508; x_wconf 79' lang='lat' dir='ltr'>7a,</span> <span class='ocrx_word' id='word_1_192' title='bbox 389 1471 403 1500; x_wconf 88' lang='lat' dir='ltr'>l</span> <span class='ocrx_word' id='word_1_193' title='bbox 427 1474 498 1502; x_wconf 73' lang='lat' dir='ltr'>Sine</span> <span class='ocrx_word' id='word_1_194' title='bbox 518 1475 609 1502; x_wconf 87' lang='lat' dir='ltr'>maris</span> <span class='ocrx_word' id='word_1_195' title='bbox 631 1473 681 1501; x_wconf 83' lang='lat' dir='ltr'>Ca.</span> <span class='ocrx_word' id='word_1_196' title='bbox 703 1489 740 1493; x_wconf 90' lang='lat'>—</span> <span class='ocrx_word' id='word_1_197' title='bbox 761 1473 812 1506; x_wconf 85' lang='lat' dir='ltr'>7a,</span> <span class='ocrx_word' id='word_1_198' title='bbox 833 1472 851 1501; x_wconf 83' lang='lat'>2</span> <span class='ocrx_word' id='word_1_199' title='bbox 873 1474 1021 1503; x_wconf 61' lang='lat' dir='ltr'>illecebris</span> <span class='ocrx_word' id='word_1_200' title='bbox 1048 1475 1097 1503; x_wconf 83' lang='lat' dir='ltr'>Ca.</span> <span class='ocrx_word' id='word_1_201' title='bbox 1115 1492 1153 1496; x_wconf 91' lang='lat'>—-</span> <span class='ocrx_word' id='word_1_202' title='bbox 1173 1477 1232 1513; x_wconf 73' lang='lat'>710,</span> <span class='ocrx_word' id='word_1_203' title='bbox 1261 1476 1275 1506; x_wconf 88' lang='lat'>1</span> <span class='ocrx_word' id='word_1_204' title='bbox 1296 1478 1408 1505; x_wconf 70' lang='lat' dir='ltr'>Eri-ent</span> <span class='ocrx_word' id='word_1_205' title='bbox 1428 1478 1506 1514; x_wconf 82' lang='lat' dir='ltr'>quod</span> 
     </span>
     <span class='ocr_line' id='line_1_29' title="bbox 177 1509 1101 1549; baseline 0.004 -11"><span class='ocrx_word' id='word_1_206' title='bbox 177 1509 226 1538; x_wconf 85' lang='lat' dir='ltr'>Oa.</span> <span class='ocrx_word' id='word_1_207' title='bbox 247 1526 285 1530; x_wconf 91' lang='lat'><strong>—</strong></span> <span class='ocrx_word' id='word_1_208' title='bbox 305 1509 358 1545; x_wconf 82' lang='lat' dir='ltr'>9a,</span> <span class='ocrx_word' id='word_1_209' title='bbox 382 1509 401 1538; x_wconf 83' lang='lat'><strong>2</strong></span> <span class='ocrx_word' id='word_1_210' title='bbox 422 1513 498 1540; x_wconf 82' lang='lat' dir='ltr'>coeli</span> <span class='ocrx_word' id='word_1_211' title='bbox 518 1513 630 1549; x_wconf 83' lang='lat' dir='ltr'>templa</span> <span class='ocrx_word' id='word_1_212' title='bbox 650 1512 685 1539; x_wconf 80' lang='grc' dir='ltr'>Σ.</span> <span class='ocrx_word' id='word_1_213' title='bbox 707 1529 744 1533; x_wconf 93' lang='lat'>—</span> <span class='ocrx_word' id='word_1_214' title='bbox 766 1511 817 1546; x_wconf 70' lang='lat'>92,</span> <span class='ocrx_word' id='word_1_215' title='bbox 841 1511 859 1541; x_wconf 75' lang='lat'><strong>3</strong></span> <span class='ocrx_word' id='word_1_216' title='bbox 879 1522 934 1541; x_wconf 90' lang='lat' dir='ltr'>nos</span> <span class='ocrx_word' id='word_1_217' title='bbox 955 1514 1030 1542; x_wconf 80' lang='lat' dir='ltr'>fehlt</span> <span class='ocrx_word' id='word_1_218' title='bbox 1052 1514 1101 1542; x_wconf 84' lang='lat' dir='ltr'>Ca.</span> 
     </span>
    </p>
   </div>
   <div class='ocr_carea' id='block_1_9' title="bbox 623 1615 1057 1649">
    <p class='ocr_par' dir='ltr' id='par_1_14' title="bbox 623 1615 1057 1649">
     <span class='ocr_line' id='line_1_30' title="bbox 623 1615 1057 1649; baseline 0 -1"><span class='ocrx_word' id='word_1_219' title='bbox 623 1616 672 1648; x_wconf 92' lang='lat' dir='ltr'>lll.</span> <span class='ocrx_word' id='word_1_220' title='bbox 714 1615 757 1648; x_wconf 88' lang='lat' dir='ltr'>Dc</span> <span class='ocrx_word' id='word_1_221' title='bbox 776 1616 876 1648; x_wconf 81' lang='lat' dir='ltr'>beata</span> <span class='ocrx_word' id='word_1_222' title='bbox 895 1616 998 1649; x_wconf 76' lang='lat' dir='ltr'>Maria</span> <span class='ocrx_word' id='word_1_223' title='bbox 1019 1617 1057 1648; x_wconf 91' lang='lat' dir='ltr'>V.</span> 
     </span>
    </p>
   </div>
   <div class='ocr_carea' id='block_1_10' title="bbox 167 1694 1381 2408">
    <p class='ocr_par' dir='ltr' id='par_1_15' title="bbox 176 1694 1159 1828">
     <span class='ocr_line' id='line_1_31' title="bbox 176 1694 1159 1736; baseline 0.003 -8"><span class='ocrx_word' id='word_1_224' title='bbox 176 1695 233 1728; x_wconf 80' lang='lat' dir='ltr'>la.</span> <span class='ocrx_word' id='word_1_225' title='bbox 260 1694 360 1734; x_wconf 80' lang='lat' dir='ltr'>Quam</span> <span class='ocrx_word' id='word_1_226' title='bbox 386 1694 489 1727; x_wconf 87' lang='lat' dir='ltr'>dulcis</span> <span class='ocrx_word' id='word_1_227' title='bbox 516 1704 560 1736; x_wconf 85' lang='lat' dir='ltr'>es,</span> <span class='ocrx_word' id='word_1_228' title='bbox 870 1696 928 1731; x_wconf 83' lang='lat' dir='ltr'>lb.</span> <span class='ocrx_word' id='word_1_229' title='bbox 952 1698 1000 1730; x_wconf 85' lang='lat' dir='ltr'>Te</span> <span class='ocrx_word' id='word_1_230' title='bbox 1024 1697 1159 1731; x_wconf 80' lang='lat' dir='ltr'>reboant</span> 
     </span>
     <span class='ocr_line' id='line_1_32' title="bbox 259 1743 1136 1785; baseline 0.006 -11"><span class='ocrx_word' id='word_1_231' title='bbox 259 1751 277 1775; x_wconf 93' lang='lat'>0</span> <span class='ocrx_word' id='word_1_232' title='bbox 303 1743 398 1785; x_wconf 78' lang='lat' dir='ltr'>alma,</span> <span class='ocrx_word' id='word_1_233' title='bbox 952 1748 1136 1779; x_wconf 56' lang='lat' dir='ltr'>*anctorum</span> 
     </span>
     <span class='ocr_line' id='line_1_33' title="bbox 258 1794 1128 1828; baseline 0.007 -6"><span class='ocrx_word' id='word_1_234' title='bbox 258 1794 291 1822; x_wconf 83' lang='lat' dir='ltr'>et</span> <span class='ocrx_word' id='word_1_235' title='bbox 319 1799 434 1824; x_wconf 88' lang='lat' dir='ltr'>sonore</span> <span class='ocrx_word' id='word_1_236' title='bbox 951 1794 1128 1828; x_wconf 81' lang='lat' dir='ltr'>candidata</span> 
     </span>
    </p>

    <p class='ocr_par' dir='ltr' id='par_1_16' title="bbox 172 1848 1366 1989">
     <span class='ocr_line' id='line_1_34' title="bbox 172 1848 1366 1895; baseline 0.006 -15"><span class='ocrx_word' id='word_1_237' title='bbox 172 1849 230 1881; x_wconf 84' lang='lat' dir='ltr'>2a.</span> <span class='ocrx_word' id='word_1_238' title='bbox 257 1848 407 1889; x_wconf 78' lang='lat' dir='ltr'>Agmina,</span> <span class='ocrx_word' id='word_1_239' title='bbox 434 1859 516 1891; x_wconf 78' lang='lat' dir='ltr'>quae</span> <span class='ocrx_word' id='word_1_240' title='bbox 539 1859 619 1882; x_wconf 90' lang='lat' dir='ltr'>voce</span> <span class='ocrx_word' id='word_1_241' title='bbox 642 1850 780 1891; x_wconf 85' lang='lat' dir='ltr'>pulehra</span> <span class='ocrx_word' id='word_1_242' title='bbox 868 1850 925 1884; x_wconf 72' lang='lat' dir='ltr'>ab.</span> <span class='ocrx_word' id='word_1_243' title='bbox 951 1851 975 1884; x_wconf 97' lang='lat' dir='ltr'>O</span> <span class='ocrx_word' id='word_1_244' title='bbox 1001 1851 1100 1893; x_wconf 81' lang='lat' dir='ltr'>Deus,</span> <span class='ocrx_word' id='word_1_245' title='bbox 1128 1854 1195 1886; x_wconf 87' lang='lat' dir='ltr'>alta</span> <span class='ocrx_word' id='word_1_246' title='bbox 1219 1855 1366 1895; x_wconf 81' lang='lat' dir='ltr'>polorum</span> 
     </span>
     <span class='ocr_line' id='line_1_35' title="bbox 258 1896 1106 1944; baseline 0.006 -16"><span class='ocrx_word' id='word_1_247' title='bbox 258 1896 416 1929; x_wconf 81' lang='lat' dir='ltr'>cantitant</span> <span class='ocrx_word' id='word_1_248' title='bbox 950 1899 1106 1944; x_wconf 68' lang='lat' dir='ltr'>residem,</span> 
     </span>
     <span class='ocr_line' id='line_1_36' title="bbox 260 1946 1302 1989; baseline 0.008 -12"><span class='ocrx_word' id='word_1_249' title='bbox 260 1948 370 1988; x_wconf 87' lang='lat' dir='ltr'>temet,</span> <span class='ocrx_word' id='word_1_250' title='bbox 395 1946 548 1987; x_wconf 85' lang='lat' dir='ltr'>Alleluja.</span> <span class='ocrx_word' id='word_1_251' title='bbox 949 1949 1041 1981; x_wconf 85' lang='lat' dir='ltr'>nobis</span> <span class='ocrx_word' id='word_1_252' title='bbox 1067 1958 1179 1989; x_wconf 85' lang='lat' dir='ltr'>pacem</span> <span class='ocrx_word' id='word_1_253' title='bbox 1208 1952 1302 1985; x_wconf 87' lang='lat' dir='ltr'>dona.</span> 
     </span>
    </p>

    <p class='ocr_par' dir='ltr' id='par_1_17' title="bbox 172 2003 1381 2143">
     <span class='ocr_line' id='line_1_37' title="bbox 172 2003 1381 2047; baseline 0.005 -10"><span class='ocrx_word' id='word_1_254' title='bbox 172 2005 228 2037; x_wconf 86' lang='lat' dir='ltr'>3a.</span> <span class='ocrx_word' id='word_1_255' title='bbox 256 2003 296 2036; x_wconf 91' lang='lat' dir='ltr'>In</span> <span class='ocrx_word' id='word_1_256' title='bbox 322 2006 355 2035; x_wconf 90' lang='lat' dir='ltr'>te</span> <span class='ocrx_word' id='word_1_257' title='bbox 380 2005 482 2037; x_wconf 86' lang='lat' dir='ltr'>omnis</span> <span class='ocrx_word' id='word_1_258' title='bbox 507 2006 578 2038; x_wconf 87' lang='lat' dir='ltr'>usia</span> <span class='ocrx_word' id='word_1_259' title='bbox 867 2005 926 2040; x_wconf 72' lang='lat' dir='ltr'>eb.</span> <span class='ocrx_word' id='word_1_260' title='bbox 949 2005 1036 2038; x_wconf 83' lang='lat' dir='ltr'>Hinc</span> <span class='ocrx_word' id='word_1_261' title='bbox 1059 2009 1208 2047; x_wconf 87' lang='lat' dir='ltr'>polorum</span> <span class='ocrx_word' id='word_1_262' title='bbox 1235 2010 1381 2043; x_wconf 78' lang='lat' dir='ltr'>dindima,</span> 
     </span>
     <span class='ocr_line' id='line_1_38' title="bbox 251 2051 1245 2100; baseline 0.007 -16"><span class='ocrx_word' id='word_1_263' title='bbox 251 2051 373 2092; x_wconf 81' lang='lat' dir='ltr'>jubilat</span> <span class='ocrx_word' id='word_1_264' title='bbox 397 2056 493 2094; x_wconf 88' lang='lat' dir='ltr'>atque</span> <span class='ocrx_word' id='word_1_265' title='bbox 952 2054 1245 2100; x_wconf 80' lang='lat' dir='ltr'>charismatumque</span> 
     </span>
     <span class='ocr_line' id='line_1_39' title="bbox 251 2100 1160 2143; baseline 0.007 -10"><span class='ocrx_word' id='word_1_266' title='bbox 251 2100 391 2141; x_wconf 86' lang='lat' dir='ltr'>jubilum</span> <span class='ocrx_word' id='word_1_267' title='bbox 419 2102 476 2135; x_wconf 84' lang='lat' dir='ltr'>dat</span> <span class='ocrx_word' id='word_1_268' title='bbox 949 2107 1062 2143; x_wconf 80' lang='lat' dir='ltr'>quater</span> <span class='ocrx_word' id='word_1_269' title='bbox 1087 2106 1160 2139; x_wconf 82' lang='lat' dir='ltr'>tria.</span> 
     </span>
    </p>

    <p class='ocr_par' dir='ltr' id='par_1_18' title="bbox 168 2158 1323 2304">
     <span class='ocr_line' id='line_1_40' title="bbox 168 2158 1323 2205; baseline 0.006 -13"><span class='ocrx_word' id='word_1_270' title='bbox 168 2159 228 2192; x_wconf 83' lang='lat' dir='ltr'>4a.</span> <span class='ocrx_word' id='word_1_271' title='bbox 256 2158 281 2191; x_wconf 96' lang='lat' dir='ltr'>O</span> <span class='ocrx_word' id='word_1_272' title='bbox 308 2158 404 2200; x_wconf 79' lang='lat' dir='ltr'>alma,</span> <span class='ocrx_word' id='word_1_273' title='bbox 432 2169 450 2193; x_wconf 95' lang='lat' dir='ltr'>o</span> <span class='ocrx_word' id='word_1_274' title='bbox 477 2160 564 2193; x_wconf 86' lang='lat' dir='ltr'>celsa</span> <span class='ocrx_word' id='word_1_275' title='bbox 865 2160 924 2194; x_wconf 76' lang='lat' dir='ltr'>4b.</span> <span class='ocrx_word' id='word_1_276' title='bbox 947 2159 1196 2205; x_wconf 84' lang='lat' dir='ltr'>Paranymphus</span> <span class='ocrx_word' id='word_1_277' title='bbox 1222 2166 1264 2199; x_wconf 85' lang='lat' dir='ltr'>ad</span> <span class='ocrx_word' id='word_1_278' title='bbox 1290 2169 1323 2199; x_wconf 94' lang='lat' dir='ltr'>te</span> 
     </span>
     <span class='ocr_line' id='line_1_41' title="bbox 256 2206 1302 2252; baseline 0.008 -12"><span class='ocrx_word' id='word_1_279' title='bbox 256 2206 435 2250; x_wconf 81' lang='lat' dir='ltr'>theotocos,</span> <span class='ocrx_word' id='word_1_280' title='bbox 459 2209 555 2252; x_wconf 84' lang='lat' dir='ltr'>nites,</span> <span class='ocrx_word' id='word_1_281' title='bbox 949 2211 1081 2244; x_wconf 87' lang='lat' dir='ltr'>veniens</span> <span class='ocrx_word' id='word_1_282' title='bbox 1106 2213 1217 2246; x_wconf 84' lang='lat' dir='ltr'>orbem</span> <span class='ocrx_word' id='word_1_283' title='bbox 1245 2215 1302 2248; x_wconf 80' lang='lat' dir='ltr'>dat</span> 
     </span>
     <span class='ocr_line' id='line_1_42' title="bbox 251 2254 1252 2304; baseline 0.008 -16"><span class='ocrx_word' id='word_1_284' title='bbox 251 2254 370 2298; x_wconf 75' lang='lat' dir='ltr'>Maria,</span> <span class='ocrx_word' id='word_1_285' title='bbox 395 2256 430 2290; x_wconf 88' lang='lat' dir='ltr'>in</span> <span class='ocrx_word' id='word_1_286' title='bbox 455 2258 573 2291; x_wconf 81' lang='lat' dir='ltr'>saecla.</span> <span class='ocrx_word' id='word_1_287' title='bbox 948 2260 1084 2304; x_wconf 83' lang='lat' dir='ltr'>gaudiis,</span> <span class='ocrx_word' id='word_1_288' title='bbox 1113 2271 1132 2295; x_wconf 93' lang='grc' dir='ltr'><strong>ο</strong></span> <span class='ocrx_word' id='word_1_289' title='bbox 1157 2263 1252 2297; x_wconf 87' lang='lat' dir='ltr'>alma.</span> 
     </span>
    </p>

    <p class='ocr_par' dir='ltr' id='par_1_19' title="bbox 167 2314 1307 2408">
     <span class='ocr_line' id='line_1_43' title="bbox 167 2314 1307 2363; baseline 0.008 -17"><span class='ocrx_word' id='word_1_290' title='bbox 167 2315 224 2349; x_wconf 82' lang='lat' dir='ltr'>5a.</span> <span class='ocrx_word' id='word_1_291' title='bbox 251 2314 456 2356; x_wconf 77' lang='lat' dir='ltr'>Nugantibus</span> <span class='ocrx_word' id='word_1_292' title='bbox 481 2315 583 2348; x_wconf 88' lang='lat' dir='ltr'>verba</span> <span class='ocrx_word' id='word_1_293' title='bbox 865 2317 925 2351; x_wconf 85' lang='lat' dir='ltr'>5b.</span> <span class='ocrx_word' id='word_1_294' title='bbox 951 2317 1002 2349; x_wconf 81' lang='lat' dir='ltr'>Tu</span> <span class='ocrx_word' id='word_1_295' title='bbox 1028 2317 1112 2363; x_wconf 83' lang='lat' dir='ltr'>fave,</span> <span class='ocrx_word' id='word_1_296' title='bbox 1137 2322 1307 2362; x_wconf 84' lang='lat' dir='ltr'>praecelsa</span> 
     </span>
     <span class='ocr_line' id='line_1_44' title="bbox 249 2363 1187 2408; baseline 0.009 -13"><span class='ocrx_word' id='word_1_297' title='bbox 249 2363 525 2406; x_wconf 84' lang='lat' dir='ltr'>symphoniaeque</span> <span class='ocrx_word' id='word_1_298' title='bbox 947 2375 985 2399; x_wconf 84' lang='lat' dir='ltr'>ac</span> <span class='ocrx_word' id='word_1_299' title='bbox 1009 2376 1187 2408; x_wconf 87' lang='lat' dir='ltr'>personare</span> 
     </span>
    </p>
   </div>
   <div class='ocr_carea' id='block_1_11' title="bbox 249 2413 1246 2456">
    <p class='ocr_par' dir='ltr' id='par_1_20' title="bbox 249 2413 1246 2456">
     <span class='ocr_line' id='line_1_45' title="bbox 249 2413 1246 2456; baseline 0.009 -12"><span class='ocrx_word' id='word_1_300' title='bbox 249 2420 351 2445; x_wconf 82' lang='lat' dir='ltr'>necne</span> <span class='ocrx_word' id='word_1_301' title='bbox 375 2413 560 2456; x_wconf 83' lang='lat' dir='ltr'>rhythmica</span> <span class='ocrx_word' id='word_1_302' title='bbox 948 2416 1048 2449; x_wconf 84' lang='lat' dir='ltr'>verba</span> <span class='ocrx_word' id='word_1_303' title='bbox 1069 2418 1104 2451; x_wconf 88' lang='grc'>111</span> <span class='ocrx_word' id='word_1_304' title='bbox 1129 2420 1246 2454; x_wconf 86' lang='lat' dir='ltr'>saecla.</span> 
     </span>
    </p>
   </div>
  </div>
 </body>
</html>
