1655 2637
248 239 305 273 3a.

246 363 304 396 4a.

248 679 307 711 5a.

250 1042 305 1074 6a.

249 1303 304 1335 7a.

250 1469 308 1501 Sa.

249 1683 306 1715 9a.

224 1850 304 1882 lOa.

228 1969 307 2002 lla.

228 2278 273 2311 12
282 2288 311 2311 a.

331 238 394 270 Dei
418 237 521 279 gloria

329 287 498 326 majestate
522 282 658 326 fulgida,

332 362 415 394 Solis
441 361 582 404 claritas,

331 408 509 442 fabricator

328 458 468 490 siderum
499 456 639 489 omniun]

329 506 562 547 climatumque,

327 552 439 586 mundi
461 552 620 593 machina,

329 602 427 633 maris
453 603 548 641 atque
573 600 687 641 spatia.

334 678 463 719 Pauper
485 677 625 719 effectus,

335 726 466 758 humilis

331 774 483 806 innocens

330 822 411 853 coeli
435 829 503 862 rex,

330 869 417 901 Deus
443 870 639 912 angelorum,

332 926 448 950 ornans
474 917 542 956 poli

330 964 443 997 summi
468 965 616 999 culmina.

332 1041 449 1073 Mortis
474 1044 625 1074 aeternae

333 1089 489 1122 dissoluta

328 1137 436 1169 vincla
458 1145 564 1177 saeva,

332 1184 486 1217 damnans
511 1187 661 1224 potenter

331 1230 452 1264 inferni
476 1232 644 1272 supplicia.

333 1302 449 1343 Sicque
472 1312 642 1344 resurgens
675 1303 759 1335 dona

335 1350 453 1382 dedisti
476 1351 540 1382 tuis

338 1398 499 1433 coelestia,

336 1469 456 1502 Nostra
480 1469 586 1502 tribue

332 1517 393 1549 tibi
416 1517 556 1558 placere,
588 1517 725 1559 Christe,

331 1567 465 1605 pectora
491 1565 608 1598 decora

335 1616 431 1653 atque
455 1611 631 1648 foederata.

334 1682 380 1716 Ut
405 1692 476 1716 cum
501 1685 620 1717 sanctis

332 1732 486 1770 apostolis

332 1779 375 1811 ad
399 1788 539 1821 superna

332 1850 512 1891 Splendent
532 1852 588 1884 ubi
614 1855 728 1886 cuncta

331 1896 487 1939 fulgentia

334 1970 410 2003 Tib1
432 1972 519 2011 patri

331 2016 461 2058 filioque
484 2028 549 2052 una

337 2066 524 2098 extollentia

334 2121 413 2144 voce
439 2121 578 2147 consona

338 2161 429 2199 copia
454 2160 571 2202 laudis,

337 2216 458 2248 organa
483 2209 579 2241 clara.

335 2279 476 2319 Propter
500 2281 586 2320 quod
609 2282 688 2314 laeti

336 2336 445 2360 omnes
472 2327 676 2363 decantemus

336 2375 502 2419 melodias,

334 2424 462 2463 prolixa
485 2428 644 2467 neumata,

864 138 909 174 98

939 235 999 269 3b.
1023 235 1135 267 Virtus
1159 237 1367 274 praepotenS,

1023 283 1208 315 indiscussa
1233 280 1384 313 essentia.

939 358 1001 394 4b.
1028 360 1157 392 Fovens
1185 357 1241 398 qui
1267 359 1385 390 cuncta

1026 407 1198 447 majestate

1023 454 1186 487 hominem
1211 454 1347 487 coelitus

1024 502 1194 536 redemisti

1026 558 1155 583 carnem
1179 551 1335 584 sumendo

1022 597 1232 640 membraque
1255 598 1416 633 mortalia.

939 675 998 710 512.
1018 676 1132 717 Neque
1154 684 1308 708 recusans

1023 733 1059 756 se
1081 724 1166 756 mori

1023 781 1084 812 pro
1108 772 1203 804 nobis

1024 820 1161 861 largitor

1024 869 1158 908 spiritus
1184 877 1223 900 ac
1248 869 1335 901 vitae

1023 916 1089 949 ima
1113 919 1193 948 nutu

1023 968 1155 997 vastans
1178 967 1313 999 tartara.

940 1040 998 1073 6b.
1025 1041 1141 1074 Secum
1165 1042 1322 1074 revehens

1024 1089 1163 1121 clariora

1021 1139 1118 1177 atque
1140 1146 1216 1169 cara

1023 1185 1126 1217 hostis
1150 1185 1257 1225 spolia

1023 1231 1248 1265 fraudulenter
1273 1234 1417 1268 seducta.

941 1303 1002 1336 71³.
1026 1303 1105 1336 Dies
1131 1305 1304 1346 quadragis
1330 1314 1425 1339 sacra

1024 1350 1157 1384 firmans
1182 1353 1327 1392 ipsorum

1027 1400 1228 1440 praecordia.

940 1470 1000 1504 8b.
1022 1470 1092 1503 Nec
1112 1480 1176 1503 non
1203 1473 1298 1505 delue

1022 1523 1135 1552 nostra
1161 1524 1358 1562 cunctorum,
1386 1522 1480 1563 alme,

1027 1567 1196 1599 criminum
1220 1570 1330 1610 turpia

1028 1624 1125 1648 saeva
1148 1614 1280 1656 flagitia.

942 1686 1000 1720 9b.
1023 1687 1071 1719 Te
1095 1691 1265 1728 sequentes

1025 1736 1238 1769 ascendamus

1026 1784 1172 1826 celsiora,

919 1855 963 1889 10
971 1854 1004 1889 b.
1027 1856 1107 1888 Alta
1128 1861 1345 1899 resonantque

1029 1905 1186 1939 canentia.

920 1975 1004 2009 111).
1028 1977 1095 2016 Quo
1124 1978 1276 2017 spiritum

1027 2027 1173 2057 sanctum
1200 2026 1253 2059 die
1277 2028 1342 2061 ista

1025 2073 1145 2105 nostris
1171 2076 1320 2116 patribus

1028 2122 1175 2161 praemia
1199 2127 1313 2157 sancta

1031 2169 1151 2202 dedisti
1175 2172 1318 2211 paschae

1028 2217 1303 2260 quinquagesima.

921 2287 1007 2324 1210.
1029 2289 1133 2323 Nobis
1159 2294 1196 2323 ut
1223 2293 1296 2333 ipsa

1030 2341 1145 2370 sancta
1171 2339 1253 2373 dona
1282 2343 1362 2376 dare

1028 2388 1066 2418 tu
1093 2386 1233 2427 digneris

1030 2434 1165 2473 spiritus
1191 2439 1373 2476 praeclara.
