1655 2637
714 124 952 160 —78—

170 229 230 261 221.
258 226 295 259 In
321 235 384 266 qua
408 224 548 257 surrexit

259 275 408 314 potenter
433 272 604 313 sepulchro
628 272 680 305 leo

257 321 350 354 fortis
377 325 410 353 et
436 322 572 352 mortem

256 377 342 403 nunc
367 370 533 402 destruens

259 418 303 451 Et
329 420 493 450 aeternam
515 416 615 449 vitam

258 464 381 506 tribuit,

259 514 403 554 Ideoque
428 520 537 545 omnes
562 509 728 543 submissis

259 561 390 594 vocibus

261 608 493 642 exsultantibus

179 688 236 721 3a.
263 686 423 725 Perpetuo
448 684 510 716 hoc

262 735 407 766 nostrum
431 733 559 764 resonet
583 739 618 764 os

261 789 321 813 nec
345 781 448 821 sileat,

177 860 235 891 421.
261 857 349 889 'Deus
374 859 493 896 noster,
515 854 630 887 humili

262 913 320 937 nos
345 906 379 935 te
403 912 499 944 prece

266 952 466 992 deposcimus
492 959 600 984 omnes

263 999 396 1040 pariter,

180 1079 237 1110 5a.
265 1075 384 1109 Adsint
411 1077 443 1106 et
467 1077 650 1107 sanctorum

264 1122 424 1163 suffragia,

264 1174 301 1203 ut
325 1174 396 1210 post
423 1178 548 1202 cursum
573 1169 666 1208 hujus

265 1219 351 1250 vitae
373 1218 452 1250 socii
475 1218 572 1249 simus

265 1266 331 1298 illis

182 1345 239 1376 Ga.
265 1342 471 1381 Majestatem
496 1344 584 1373 tuam

265 1390 485 1422 indesinenter
510 1387 585 1430 frui,

868 220 929 254 2b.

871 681 930 716 3b.

874 853 932 887 41³.

875 1071 933 1106 5b.

878 1339 937 1373 6b.

954 220 1068 254 Occiso
1094 228 1175 261 agno

952 267 1177 308 redemptione
1200 275 1261 307 pro
1285 265 1400 299 mundi

951 317 1084 350 laudum
1109 313 1250 348 feramus

951 363 1141 406 praeconia:

951 413 1049 451 Laus,
1075 413 1187 453 honor,
1214 412 1359 451 potestas

953 466 985 493 et
1008 462 1124 501 virtus,

953 509 1076 549 Gloria,
1103 508 1284 549 imperium,
1313 506 1410 538 decus

951 556 1013 590 tibi
1037 558 1082 589 sit

952 606 987 637 in
1010 613 1124 637 aevum
1149 612 1255 637 verus.

955 682 1114 715 Ganamus
1141 681 1196 721 pio

952 729 1152 770 redemptori
1178 736 1305 768 semper

953 777 1107 817 Alleluja.

953 852 1002 886 Ut
1027 853 1078 885 his
1106 852 1219 884 diebus
1244 852 1342 883 simus

954 900 1162 941 paschalibus

954 951 1011 980 tuo
1036 948 1155 980 auxilio

956 997 1104 1036 protecti.

958 1073 1066 1112 Atque
1090 1080 1280 1112 mereamur,

958 1120 1110 1160 angelicis

957 1169 1115 1200 interesse
1140 1164 1279 1212 [choris]

957 1216 990 1247 in
1017 1224 1129 1248 aevum
1157 1214 1369 1248 Christicolae

962 1272 1082 1296 omnes.

959 1339 1021 1380 Qui
1044 1348 1159 1381 regnas
1187 1348 1259 1373 cum
1282 1342 1388 1381 patre,

960 1387 1076 1428 spiritu
1105 1391 1226 1428 sancto,
1252 1387 1341 1420 Deus

671 1466 700 1498 7.
729 1464 767 1497 In
790 1464 988 1504 sempiterna

728 1512 929 1545 saeculorum
954 1512 1094 1545 saecula.

261 1580 286 1607 B
310 1579 361 1607 fol.
384 1577 438 1608 186
447 1587 473 1607 a.
497 1593 537 1599 —<
560 1578 588 1606 E
613 1578 663 1607 fol.
690 1576 780 1607 31310.
807 1592 846 1598 ——
872 1576 922 1612 221,
951 1576 969 1605 2
991 1578 1027 1606 de
1047 1577 1203 1615 sepulchro
1224 1577 1286 1606 BE.
1309 1592 1346 1597 —-
1366 1577 1418 1614 2a,
1439 1578 1457 1608 5
1480 1579 1518 1608 ad

180 1619 334 1646 aetomam
353 1616 416 1646 BE.
436 1633 476 1638 —
495 1616 545 1652 22„
567 1616 584 1645 9
606 1617 787 1646 exsultantes
803 1617 834 1645 B.
855 1632 894 1637 —
912 1614 965 1651 2b,
986 1615 1004 1644 2
1025 1617 1240 1653 redemptorem
1262 1618 1296 1646 B.
1311 1632 1349 1636 —
1363 1616 1415 1652 21),
1437 1616 1454 1645 5
1473 1626 1518 1654 sq.

184 1658 279 1684 virtus
301 1659 330 1684 et
348 1659 479 1692 potestas
499 1657 533 1684 Β.
554 1671 592 1675 -
613 1653 663 1690 210,
685 1655 701 1683 7
725 1658 755 1683 et.
774 1654 931 1691 imperium
950 1655 1011 1684 BE.
1039 1672 1077 1676 —
1104 1653 1156 1690 3a,
1184 1654 1199 1684 1
1223 1656 1404 1693 Perpetuum
1423 1656 1460 1684 Ε.
1481 1673 1519 1678 -

183 1693 238 1728 4³,
268 1693 286 1721 2
306 1698 337 1722 te
354 1702 441 1731 prece
460 1694 522 1722 ΒΕ,
543 1711 581 1715 -
601 1693 628 1728 7,
650 1692 668 1720 2
689 1694 811 1722 saecula
831 1693 1018 1722 saeculorum
1039 1694 1075 1721 E.
1100 1709 1137 1714 .-

622 1796 667 1828 67.
698 1797 735 1829 In
753 1795 998 1829 Resurrectione
1018 1796 1075 1829 DN.

698 1878 729 1911 1.
756 1877 886 1911 Laudes
910 1877 992 1920 Deo,

189 1947 246 1978 Za.
274 1944 374 1977 Sexus
400 1947 502 1978 omnis
529 1948 690 1987 consonet,

272 2002 350 2025 voce
376 1993 484 2026 dulces
511 1997 605 2026 canat

272 2040 428 2073 melodias
454 2040 605 2074 crucifixo

270 2088 409 2121 libantes
434 2097 547 2128 preces
572 2092 609 2121 ut
634 2089 736 2129 decet,

188 2156 246 2188 3a.
273 2155 338 2187 Per
362 2164 455 2195 quem
480 2159 651 2188 renovatus

271 2202 432 2244 redditur,
456 2203 570 2236 mortis

275 2251 411 2283 vinculis
437 2251 611 2293 absolutus,
639 2251 776 2284 mundus

274 2299 310 2330 in
333 2298 394 2331 hac
420 2298 473 2332 die
498 2299 695 2340 redemptus.

187 2368 248 2400 4a.
274 2366 359 2399 Nam
383 2376 403 2399 a
427 2366 532 2408 primo
557 2367 759 2407 protoplasto

278 2416 433 2455 quotquot
455 2414 489 2447 in
515 2415 621 2447 saeclo
647 2413 776 2448 fuerunt

882 1945 940 1979 2b.

884 2155 942 2191 310.

965 1947 1135 1979 Praecelso
1161 1946 1230 1988 regi
1255 1947 1325 1979 sine

964 1993 1028 2026 fine
1053 1996 1219 2035 gratanter
1243 1994 1277 2026 in

965 2042 1106 2082 paschae
1128 2043 1319 2083 mysterium
1340 2043 1396 2083 pia

967 2093 1000 2122 et
1020 2089 1126 2129 jubila
1152 2090 1381 2130 constipantes.

966 2157 1077 2196 Alpha
1102 2159 1135 2190 et
1159 2154 1204 2198 Ω,
1232 2158 1320 2190 orbis

968 2205 1127 2246 conditor,
1149 2206 1274 2245 primus

968 2255 1065 2294 atque
1088 2254 1292 2295 novissimus,
1319 2254 1508 2296 redemptor

967 2302 1111 2333 surrexit
1133 2301 1249 2334 mortis
1272 2303 1388 2336 victor.

886 2365 946 2400 4b.
967 2367 1014 2399 Et
1036 2367 1100 2408 ipsi
1122 2368 1213 2411 justi,
1242 2378 1314 2402 cum
1339 2371 1421 2412 ipso,

971 2414 1025 2455 qui
1045 2420 1121 2449 sunt
1143 2416 1244 2449 locuti
1267 2418 1419 2460 Domino,
