1655 2637
132 193 187 226 6a.

132 405 187 438 7a.

134 521 188 554 Sa.

131 1246 187 1278 2a.

130 1313 186 1345 3a.

131 1380 188 1412 4a.

133 1611 188 1643 5a.

134 1775 191 1807 6a.

134 1938 191 1971 Ta.

132 2152 189 2185 8a.

666 96 931 132 —191fl—

216 191 241 225 O
266 191 421 233 Martine,

213 249 346 280 precum
373 245 449 274 vota

213 289 344 329 suscipe
363 289 564 323 servulorum

213 336 248 368 in
272 337 335 369 hac
360 338 444 379 aula,

213 403 260 436 Et
286 403 387 436 vitam
411 403 537 445 perfrui

213 461 395 485 mereamur
421 453 581 486 conlatam

216 519 283 553 Ubi
308 520 496 559 perenniter

214 568 460 600 altithronizant

215 620 400 650 sanctorum
428 615 484 657 pia
508 619 594 650 vota.

685 683 717 715 9.
745 683 898 724 Alleluja.

830 405 887 439 7b.

828 521 888 555 81).

830 194 888 228 6b.
913 194 958 227 Ut
986 195 1153 227 deleantur

912 241 1056 276 facinora

913 293 1021 323 reatus
1046 291 1161 332 nostri,
1187 299 1290 323 noxae

915 342 946 370 et
971 339 1089 371 delicta

913 405 1148 438 Conlaudantes
1173 405 1333 440 Christum

913 452 1086 486 Dominum
1111 457 1217 486 mente
1242 462 1332 493 pura.

913 519 1086 553 Cantantes
1113 520 1253 553 carmina

912 572 1087 609 sequuntur
1117 577 1233 609 agnum

915 619 945 648 et
973 617 1085 649 dicunt
1109 625 1188 648 voce
1215 616 1319 648 clam:

207 747 236 777 D
257 750 308 777 fol.
330 746 428 777 1391).
449 763 486 768 ’-
508 746 561 780 3b,
582 747 602 776 2
623 750 746 777 axioma
764 760 804 770 =
824 749 978 778 axidoria‘.)
1003 749 1071 786 Vgl.
1093 748 1278 778 Diefenbaeh
1298 757 1321 776 s.
1346 759 1355 774 ἰ
1393 749 1466 776 assi—

132 788 207 817 dela.
226 804 265 808 —
286 787 340 819 4b,
363 785 381 815 3
402 787 593 823 magdizavit.
614 803 652 807 —
673 786 723 821 52,
748 784 782 815 10
804 788 951 816 cathedra.
966 803 1004 807 —-
1024 788 1077 821 51),
1099 787 1112 815 1
1136 791 1166 816 et
1186 796 1282 824 super.
1295 802 1335 806 —
1354 784 1408 818 51),
1428 784 1464 814 10

129 828 250 856 virecta.
266 842 305 847 --
326 824 377 859 6a,
401 825 416 854 1
438 825 513 855 Dars
533 826 599 855 hier
622 827 688 854 eine
701 826 786 854 Silbe
806 834 853 853 am
867 827 961 855 Verse
980 826 1061 860 fehlt,
1084 828 1125 854 ist
1143 836 1199 854 nur
1218 825 1343 862 zufallig
1362 833 1466 861 wegen

130 867 181 894 des
201 866 332 894 Namens
359 865 523 900 Martinus,
557 865 597 893 da
622 865 688 892 sich
715 865 763 893 die
786 864 920 901 Sequenz
946 865 1092 893 inum-fich
1118 865 1162 893 als
1191 865 1227 893 (le
1248 865 1395 892 communi
1422 872 1464 891 er-

132 906 225 933 weist.
246 921 285 925 —
308 902 359 938 61),
382 902 401 932 3
421 911 509 932 noxa.
529 918 568 922 —
589 902 643 937 81),
668 902 684 931 1
705 903 769 931 Ubi
790 905 943 940 perpetim.

580 1004 642 1037 173.
672 1005 717 1036 De
738 1005 846 1037 saneto
868 1004 1014 1036 martino.

646 1077 677 1110 1.
704 1076 856 1109 Exsultet
881 1085 967 1109 nunc

705 1124 807 1157 omnis
835 1125 949 1157 chorus

703 1172 846 1214 psallens
872 1181 1002 1213 organa.

214 1242 364 1285 Jugando
387 1241 604 1283 rhythmicum
630 1249 768 1280 pneuma
827 1239 887 1273 210.
910 1239 1130 1272 Enharmonia
1157 1238 1275 1273 divina.

214 1310 522 1351 Paraphonistarum
546 1309 653 1349 turba,

214 1377 352 1411 Martini
382 1376 539 1409 solemnia
587 1392 604 1409 ,κ

217 1445 313 1486 Cujus
335 1447 373 1476 ut
397 1447 486 1477 astra
626 1429 642 1446 *
674 1468 690 1484 *
723 1430 739 1446 ’ὅ

217 1494 323 1526 nilida
626 1506 644 1523 -κ
724 1507 741 1524 ss

216 1541 284 1574 vita
307 1539 401 1574 fulsit
423 1544 523 1573 terra.
588 1546 604 1562 ²¹<
763 1544 779 1561 '¹‘

216 1608 302 1640 Nam
328 1607 450 1639 clarum
477 1607 592 1648 dogma

216 1655 382 1688 inserebat

218 1707 406 1737 cunctorum
430 1705 575 1744 pectora.

217 1771 416 1813 Angelorum
441 1769 585 1812 gaudens

217 1829 303 1852 nunc
330 1822 460 1851 caterva,

218 1871 250 1900 et
275 1871 459 1901 sanctorum
484 1866 578 1907 plebs
603 1866 713 1899 valida

217 1936 388 1978 Virginum
412 1935 525 1977 regina

221 1987 254 2016 et
277 1983 372 2017 adest
393 1983 513 2023 Maria,

214 2033 309 2065 niveo
336 2032 433 2065 choro
459 2034 550 2072 septa

217 2084 311 2114 ornat
335 2081 416 2113 haec
441 2079 565 2113 funera.

215 2150 331 2182 Almus
361 2147 504 2181 Michael

216 2207 287 2232 cum
312 2197 416 2237 gloria

214 2254 380 2280 assumens
405 2246 492 2278 hunc
513 2245 642 2285 jubilat.

832 1770 889 1804 6b.

831 2148 891 2182 8b.

828 1307 887 1341 3b.
910 1306 1051 1339 Tinnula
1075 1315 1154 1338 voce
1178 1314 1326 1347 persona.

762 1389 778 1406 a<
829 1375 890 1408 4b.
912 1374 1092 1406 Multomm
1118 1374 1218 1407 corda

913 1422 1083 1455 succendit

912 1468 1041 1503 flamma
1066 1470 1181 1503 urania

914 1538 1044 1571 Pellens
1069 1538 1181 1578 procul
1208 1537 1368 1571 tenebras,

883 1634 890 1641 .
913 1605 1121 1646 Percipiebat

917 1657 1006 1687 certe
1031 1653 1106 1695 quia

915 1705 1099 1734 sanctorum
1124 1699 1255 1735 famina.

914 1768 1086 1802 Concurrit
1106 1770 1289 1809 persultans

916 1816 1107 1858 symphonia

913 1865 1050 1899 Martini
1073 1873 1134 1905 per
1159 1865 1319 1905 exsequia.

882 1962 891 1970 ,
912 1933 983 1967 Nec
1007 1943 1069 1966 non
1099 1936 1131 1965 et
1154 1934 1255 1974 lyrica

913 1983 1146 2023 prophetarum
1167 1985 1283 2021 turma,

914 2030 1173 2073 patriarcharum
1200 2033 1313 2063 cuncta

912 2079 1091 2114 Martinam
1118 2079 1302 2112 collaudant

913 2147 1077 2180 Tristatur
1098 2147 1199 2179 hostis

913 2196 948 2229 in
971 2199 1097 2229 tartara

912 2247 1022 2277 trusus
1045 2253 1106 2286 per
1131 2247 1247 2277 cuncta
1269 2245 1386 2278 saecla.

564 2315 595 2347 9.
623 2313 772 2346 Omnium
798 2321 916 2347 corona

620 2371 706 2394 nunc
731 2364 855 2395 cantet:
881 2361 1036 2404 Alleluja,

621 2410 726 2444 Amen
752 2411 800 2444 sic
823 2410 891 2445 fiat.
