<?xml version="1.0" encoding="UTF-8"?>
<!DOCTYPE html PUBLIC "-//W3C//DTD XHTML 1.0 Transitional//EN"
    "http://www.w3.org/TR/xhtml1/DTD/xhtml1-transitional.dtd">
<html xmlns="http://www.w3.org/1999/xhtml" xml:lang="en" lang="en">
 <head>
  <title>
</title>
<meta http-equiv="Content-Type" content="text/html;charset=utf-8" />
  <meta name='ocr-system' content='tesseract 3.04.00' />
  <meta name='ocr-capabilities' content='ocr_page ocr_carea ocr_par ocr_line ocrx_word'/>
</head>
<body>
  <div class='ocr_page' id='page_1' title='image "./analectahymnica07drevuoft_00115.png"; bbox 0 0 1655 2637; ppageno 0'>
   <div class='ocr_carea' id='block_1_1' title="bbox 605 128 1106 256">
    <p class='ocr_par' dir='ltr' id='par_1_1' title="bbox 605 128 1106 256">
     <span class='ocr_line' id='line_1_1' title="bbox 721 128 981 164; baseline -0.015 2"><span class='ocrx_word' id='word_1_1' title='bbox 721 150 766 155; x_wconf 77' lang='lat'>-—</span> <span class='ocrx_word' id='word_1_2' title='bbox 820 128 886 164; x_wconf 90' lang='grc'>108</span> <span class='ocrx_word' id='word_1_3' title='bbox 938 148 981 153; x_wconf 86' lang='grc'>-</span> 
     </span>
     <span class='ocr_line' id='line_1_2' title="bbox 605 218 1106 256; baseline -0.014 0"><span class='ocrx_word' id='word_1_4' title='bbox 605 224 653 256; x_wconf 85' lang='grc'>95.</span> <span class='ocrx_word' id='word_1_5' title='bbox 694 223 729 255; x_wconf 86' lang='lat' dir='ltr'>In</span> <span class='ocrx_word' id='word_1_6' title='bbox 748 221 831 255; x_wconf 86' lang='lat' dir='ltr'>festo</span> <span class='ocrx_word' id='word_1_7' title='bbox 852 221 902 253; x_wconf 83' lang='lat' dir='ltr'>SS.</span> <span class='ocrx_word' id='word_1_8' title='bbox 928 218 1106 252; x_wconf 72' lang='lat' dir='ltr'>Trinitatis.</span> 
     </span>
    </p>
   </div>
   <div class='ocr_carea' id='block_1_2' title="bbox 674 295 705 328">
    <p class='ocr_par' dir='ltr' id='par_1_2' title="bbox 674 295 705 328">
     <span class='ocr_line' id='line_1_3' title="bbox 674 295 705 328; baseline -0.032 0"><span class='ocrx_word' id='word_1_9' title='bbox 674 295 705 328; x_wconf 89' lang='lat'>1.</span> 
     </span>
    </p>
   </div>
   <div class='ocr_carea' id='block_1_3' title="bbox 213 592 593 775">
    <p class='ocr_par' dir='ltr' id='par_1_3' title="bbox 213 592 593 775">
     <span class='ocr_line' id='line_1_4' title="bbox 213 592 527 632; baseline -0.006 -6"><span class='ocrx_word' id='word_1_10' title='bbox 213 595 270 626; x_wconf 82' lang='lat' dir='ltr'>2a.</span> <span class='ocrx_word' id='word_1_11' title='bbox 298 593 405 632; x_wconf 84' lang='lat' dir='ltr'>Pater,</span> <span class='ocrx_word' id='word_1_12' title='bbox 431 592 527 632; x_wconf 86' lang='lat' dir='ltr'>filius,</span> 
     </span>
     <span class='ocr_line' id='line_1_5' title="bbox 296 640 593 681; baseline -0.007 -8"><span class='ocrx_word' id='word_1_13' title='bbox 296 643 425 673; x_wconf 81' lang='lat' dir='ltr'>sanctus</span> <span class='ocrx_word' id='word_1_14' title='bbox 450 640 593 681; x_wconf 87' lang='lat' dir='ltr'>spiritus,</span> 
     </span>
     <span class='ocr_line' id='line_1_6' title="bbox 295 688 590 720; baseline -0.003 0"><span class='ocrx_word' id='word_1_15' title='bbox 295 688 360 720; x_wconf 85' lang='lat' dir='ltr'>tria</span> <span class='ocrx_word' id='word_1_16' title='bbox 384 691 459 720; x_wconf 86' lang='lat' dir='ltr'>sunt</span> <span class='ocrx_word' id='word_1_17' title='bbox 483 688 590 719; x_wconf 85' lang='lat' dir='ltr'>omnia</span> 
     </span>
     <span class='ocr_line' id='line_1_7' title="bbox 298 737 438 775; baseline 0 -8"><span class='ocrx_word' id='word_1_18' title='bbox 298 737 438 775; x_wconf 85' lang='lat' dir='ltr'>nomina,</span> 
     </span>
    </p>
   </div>
   <div class='ocr_carea' id='block_1_4' title="bbox 297 781 625 816">
    <p class='ocr_par' dir='ltr' id='par_1_4' title="bbox 297 781 625 816">
     <span class='ocr_line' id='line_1_8' title="bbox 297 781 625 816; baseline -0.003 -2"><span class='ocrx_word' id='word_1_19' title='bbox 297 784 408 816; x_wconf 82' lang='lat' dir='ltr'>eadem</span> <span class='ocrx_word' id='word_1_20' title='bbox 434 781 625 815; x_wconf 87' lang='lat' dir='ltr'>substantia.</span> 
     </span>
    </p>
   </div>
   <div class='ocr_carea' id='block_1_5' title="bbox 297 834 726 1460">
    <p class='ocr_par' dir='ltr' id='par_1_5' title="bbox 297 834 725 974">
     <span class='ocr_line' id='line_1_9' title="bbox 298 834 711 881; baseline -0.007 -9"><span class='ocrx_word' id='word_1_21' title='bbox 298 840 395 873; x_wconf 86' lang='lat' dir='ltr'>Pater</span> <span class='ocrx_word' id='word_1_22' title='bbox 419 848 439 870; x_wconf 83' lang='lat' dir='ltr'>a</span> <span class='ocrx_word' id='word_1_23' title='bbox 463 838 550 871; x_wconf 90' lang='lat' dir='ltr'>nullo</span> <span class='ocrx_word' id='word_1_24' title='bbox 577 834 711 881; x_wconf 86' lang='lat' dir='ltr'>(factus)</span> 
     </span>
     <span class='ocr_line' id='line_1_10' title="bbox 297 882 725 928; baseline -0.007 -9"><span class='ocrx_word' id='word_1_25' title='bbox 297 886 383 920; x_wconf 79' lang='lat' dir='ltr'>filius</span> <span class='ocrx_word' id='word_1_26' title='bbox 408 895 429 918; x_wconf 86' lang='lat' dir='ltr'>a</span> <span class='ocrx_word' id='word_1_27' title='bbox 452 888 545 926; x_wconf 83' lang='lat' dir='ltr'>patre</span> <span class='ocrx_word' id='word_1_28' title='bbox 571 882 725 928; x_wconf 81' lang='lat' dir='ltr'>(genitus)</span> 
     </span>
     <span class='ocr_line' id='line_1_11' title="bbox 297 935 594 974; baseline -0.01 -7"><span class='ocrx_word' id='word_1_29' title='bbox 297 935 429 974; x_wconf 84' lang='lat' dir='ltr'>spiritus</span> <span class='ocrx_word' id='word_1_30' title='bbox 455 943 475 965; x_wconf 87' lang='lat' dir='ltr'>a</span> <span class='ocrx_word' id='word_1_31' title='bbox 500 935 594 973; x_wconf 85' lang='lat' dir='ltr'>patre</span> 
     </span>
    </p>

    <p class='ocr_par' dir='ltr' id='par_1_6' title="bbox 297 981 434 1021">
     <span class='ocr_line' id='line_1_12' title="bbox 297 981 434 1021; baseline -0.007 -7"><span class='ocrx_word' id='word_1_32' title='bbox 297 985 331 1014; x_wconf 69' lang='lat' dir='ltr'>et.</span> <span class='ocrx_word' id='word_1_33' title='bbox 353 981 434 1021; x_wconf 79' lang='lat' dir='ltr'>filio,</span> 
     </span>
    </p>

    <p class='ocr_par' dir='ltr' id='par_1_7' title="bbox 297 1028 726 1213">
     <span class='ocr_line' id='line_1_13' title="bbox 298 1028 678 1069; baseline -0.005 -7"><span class='ocrx_word' id='word_1_34' title='bbox 298 1029 337 1062; x_wconf 83' lang='lat' dir='ltr'>ab</span> <span class='ocrx_word' id='word_1_35' title='bbox 362 1032 498 1069; x_wconf 88' lang='lat' dir='ltr'>utroque</span> <span class='ocrx_word' id='word_1_36' title='bbox 521 1028 678 1068; x_wconf 84' lang='lat' dir='ltr'>procedit.</span> 
     </span>
     <span class='ocr_line' id='line_1_14' title="bbox 298 1084 726 1126; baseline -0.007 -7"><span class='ocrx_word' id='word_1_37' title='bbox 298 1086 486 1125; x_wconf 82' lang='lat' dir='ltr'>Proprietas</span> <span class='ocrx_word' id='word_1_38' title='bbox 511 1085 545 1117; x_wconf 91' lang='lat' dir='ltr'>in</span> <span class='ocrx_word' id='word_1_39' title='bbox 570 1084 726 1126; x_wconf 83' lang='lat' dir='ltr'>personis,</span> 
     </span>
     <span class='ocr_line' id='line_1_15' title="bbox 297 1134 593 1166; baseline -0.003 0"><span class='ocrx_word' id='word_1_40' title='bbox 297 1134 403 1166; x_wconf 84' lang='lat' dir='ltr'>unitas</span> <span class='ocrx_word' id='word_1_41' title='bbox 430 1136 479 1164; x_wconf 83' lang='lat' dir='ltr'>est</span> <span class='ocrx_word' id='word_1_42' title='bbox 503 1136 534 1164; x_wconf 85' lang='lat' dir='ltr'>et</span> <span class='ocrx_word' id='word_1_43' title='bbox 558 1134 593 1165; x_wconf 83' lang='lat' dir='ltr'>in</span> 
     </span>
     <span class='ocr_line' id='line_1_16' title="bbox 301 1181 448 1213; baseline -0.007 0"><span class='ocrx_word' id='word_1_44' title='bbox 301 1181 448 1213; x_wconf 78' lang='lat' dir='ltr'>essentia.</span> 
     </span>
    </p>

    <p class='ocr_par' dir='ltr' id='par_1_8' title="bbox 299 1237 423 1277">
     <span class='ocr_line' id='line_1_17' title="bbox 299 1237 423 1277; baseline -0.016 -6"><span class='ocrx_word' id='word_1_45' title='bbox 299 1237 423 1277; x_wconf 79' lang='lat' dir='ltr'>Sidera,</span> 
     </span>
    </p>

    <p class='ocr_par' dir='ltr' id='par_1_9' title="bbox 298 1285 401 1317">
     <span class='ocr_line' id='line_1_18' title="bbox 298 1285 401 1317; baseline 0 0"><span class='ocrx_word' id='word_1_46' title='bbox 298 1285 401 1317; x_wconf 83' lang='lat' dir='ltr'>man&#39;a</span> 
     </span>
    </p>

    <p class='ocr_par' dir='ltr' id='par_1_10' title="bbox 300 1333 451 1372">
     <span class='ocr_line' id='line_1_19' title="bbox 300 1333 451 1372; baseline -0.007 -8"><span class='ocrx_word' id='word_1_47' title='bbox 300 1333 451 1372; x_wconf 80' lang='lat' dir='ltr'>continet,</span> 
     </span>
    </p>

    <p class='ocr_par' dir='ltr' id='par_1_11' title="bbox 298 1380 611 1460">
     <span class='ocr_line' id='line_1_20' title="bbox 300 1380 565 1421; baseline -0.004 -9"><span class='ocrx_word' id='word_1_48' title='bbox 300 1389 379 1412; x_wconf 85' lang='lat' dir='ltr'>arva</span> <span class='ocrx_word' id='word_1_49' title='bbox 401 1380 505 1421; x_wconf 83' lang='lat' dir='ltr'>simul,</span> <span class='ocrx_word' id='word_1_50' title='bbox 533 1382 565 1411; x_wconf 88' lang='lat' dir='ltr'>et</span> 
     </span>
     <span class='ocr_line' id='line_1_21' title="bbox 298 1427 611 1460; baseline -0.006 0"><span class='ocrx_word' id='word_1_51' title='bbox 298 1427 449 1460; x_wconf 85' lang='lat' dir='ltr'>universa</span> <span class='ocrx_word' id='word_1_52' title='bbox 474 1427 611 1459; x_wconf 87' lang='lat' dir='ltr'>condita.</span> 
     </span>
    </p>
   </div>
   <div class='ocr_carea' id='block_1_6' title="bbox 300 1483 584 1668">
    <p class='ocr_par' dir='ltr' id='par_1_12' title="bbox 300 1483 584 1668">
     <span class='ocr_line' id='line_1_22' title="bbox 301 1483 533 1522; baseline -0.009 -6"><span class='ocrx_word' id='word_1_53' title='bbox 301 1483 400 1522; x_wconf 80' lang='lat' dir='ltr'>Quem</span> <span class='ocrx_word' id='word_1_54' title='bbox 420 1483 533 1515; x_wconf 81' lang='lat' dir='ltr'>laudat</span> 
     </span>
     <span class='ocr_line' id='line_1_23' title="bbox 300 1530 580 1571; baseline -0.004 -8"><span class='ocrx_word' id='word_1_55' title='bbox 300 1532 349 1563; x_wconf 76' lang='grc'>501</span> <span class='ocrx_word' id='word_1_56' title='bbox 374 1535 470 1571; x_wconf 78' lang='lat' dir='ltr'>atque</span> <span class='ocrx_word' id='word_1_57' title='bbox 493 1530 580 1571; x_wconf 78' lang='lat' dir='ltr'>luna,</span> 
     </span>
     <span class='ocr_line' id='line_1_24' title="bbox 303 1578 584 1620; baseline -0.004 -9"><span class='ocrx_word' id='word_1_58' title='bbox 303 1579 441 1620; x_wconf 79' lang='lat' dir='ltr'>dignitas</span> <span class='ocrx_word' id='word_1_59' title='bbox 467 1578 584 1611; x_wconf 73' lang='lat' dir='ltr'>adorat</span> 
     </span>
     <span class='ocr_line' id='line_1_25' title="bbox 301 1628 454 1668; baseline -0.007 -9"><span class='ocrx_word' id='word_1_60' title='bbox 301 1628 454 1668; x_wconf 75' lang='lat' dir='ltr'>angelica.</span> 
     </span>
    </p>
   </div>
   <div class='ocr_carea' id='block_1_7' title="bbox 296 1683 721 1820">
    <p class='ocr_par' dir='ltr' id='par_1_13' title="bbox 296 1683 721 1820">
     <span class='ocr_line' id='line_1_26' title="bbox 299 1683 721 1723; baseline -0.005 -7"><span class='ocrx_word' id='word_1_61' title='bbox 299 1683 345 1717; x_wconf 77' lang='lat' dir='ltr'>Et</span> <span class='ocrx_word' id='word_1_62' title='bbox 368 1693 426 1716; x_wconf 87' lang='lat' dir='ltr'>nos</span> <span class='ocrx_word' id='word_1_63' title='bbox 451 1691 530 1715; x_wconf 83' lang='lat' dir='ltr'>voce</span> <span class='ocrx_word' id='word_1_64' title='bbox 554 1683 721 1723; x_wconf 80' lang='lat' dir='ltr'>praecelsa</span> 
     </span>
     <span class='ocr_line' id='line_1_27' title="bbox 296 1731 469 1772; baseline 0 -9"><span class='ocrx_word' id='word_1_65' title='bbox 296 1731 469 1772; x_wconf 71' lang='lat' dir='ltr'>jubilemus</span> 
     </span>
     <span class='ocr_line' id='line_1_28' title="bbox 300 1787 451 1820; baseline -0.013 -8"><span class='ocrx_word' id='word_1_66' title='bbox 300 1787 451 1820; x_wconf 76' lang='lat' dir='ltr'>organica</span> 
     </span>
    </p>
   </div>
   <div class='ocr_carea' id='block_1_8' title="bbox 213 842 272 873">
    <p class='ocr_par' dir='ltr' id='par_1_14' title="bbox 213 842 272 873">
     <span class='ocr_line' id='line_1_29' title="bbox 213 842 272 873; baseline 0 0"><span class='ocrx_word' id='word_1_67' title='bbox 213 842 272 873; x_wconf 79' lang='lat' dir='ltr'>3a.</span> 
     </span>
    </p>
   </div>
   <div class='ocr_carea' id='block_1_9' title="bbox 215 1088 272 1121">
    <p class='ocr_par' dir='ltr' id='par_1_15' title="bbox 215 1088 272 1121">
     <span class='ocr_line' id='line_1_30' title="bbox 215 1088 272 1121; baseline 0.035 -3"><span class='ocrx_word' id='word_1_68' title='bbox 215 1088 272 1121; x_wconf 82' lang='lat' dir='ltr'>4a.</span> 
     </span>
    </p>
   </div>
   <div class='ocr_carea' id='block_1_10' title="bbox 214 1239 270 1271">
    <p class='ocr_par' dir='ltr' id='par_1_16' title="bbox 214 1239 270 1271">
     <span class='ocr_line' id='line_1_31' title="bbox 214 1239 270 1271; baseline -0.036 0"><span class='ocrx_word' id='word_1_69' title='bbox 214 1239 270 1271; x_wconf 87' lang='lat' dir='ltr'>5a.</span> 
     </span>
    </p>
   </div>
   <div class='ocr_carea' id='block_1_11' title="bbox 216 1485 274 1518">
    <p class='ocr_par' dir='ltr' id='par_1_17' title="bbox 216 1485 274 1518">
     <span class='ocr_line' id='line_1_32' title="bbox 216 1485 274 1518; baseline 0 -1"><span class='ocrx_word' id='word_1_70' title='bbox 216 1485 274 1518; x_wconf 73' lang='lat' dir='ltr'>fia.</span> 
     </span>
    </p>
   </div>
   <div class='ocr_carea' id='block_1_12' title="bbox 217 1685 272 1718">
    <p class='ocr_par' dir='ltr' id='par_1_18' title="bbox 217 1685 272 1718">
     <span class='ocr_line' id='line_1_33' title="bbox 217 1685 272 1718; baseline -0.055 0"><span class='ocrx_word' id='word_1_71' title='bbox 217 1685 272 1718; x_wconf 81' lang='lat' dir='ltr'>7a.</span> 
     </span>
    </p>
   </div>
   <div class='ocr_carea' id='block_1_13' title="bbox 217 1826 712 1925">
    <p class='ocr_par' dir='ltr' id='par_1_19' title="bbox 217 1826 712 1925">
     <span class='ocr_line' id='line_1_34' title="bbox 303 1826 712 1860; baseline 0 -1"><span class='ocrx_word' id='word_1_72' title='bbox 303 1828 427 1860; x_wconf 82' lang='lat' dir='ltr'>cantica</span> <span class='ocrx_word' id='word_1_73' title='bbox 453 1826 539 1859; x_wconf 86' lang='lat' dir='ltr'>dulci</span> <span class='ocrx_word' id='word_1_74' title='bbox 562 1826 712 1859; x_wconf 82' lang='lat' dir='ltr'>melodia.</span> 
     </span>
     <span class='ocr_line' id='line_1_35' title="bbox 217 1884 686 1925; baseline -0.009 -6"><span class='ocrx_word' id='word_1_75' title='bbox 217 1886 277 1919; x_wconf 77' lang='lat' dir='ltr'>ssa.</span> <span class='ocrx_word' id='word_1_76' title='bbox 304 1884 329 1918; x_wconf 92' lang='grc' dir='ltr'>Ο</span> <span class='ocrx_word' id='word_1_77' title='bbox 356 1885 522 1917; x_wconf 79' lang='lat' dir='ltr'>adoranda</span> <span class='ocrx_word' id='word_1_78' title='bbox 546 1884 686 1925; x_wconf 78' lang='lat' dir='ltr'>trinitas,</span> 
     </span>
    </p>
   </div>
   <div class='ocr_carea' id='block_1_14' title="bbox 220 1940 706 2022">
    <p class='ocr_par' dir='ltr' id='par_1_20' title="bbox 220 1940 706 2022">
     <span class='ocr_line' id='line_1_36' title="bbox 220 1940 706 1984; baseline -0.006 -9"><span class='ocrx_word' id='word_1_79' title='bbox 220 1943 277 1976; x_wconf 85' lang='lat' dir='ltr'>9a.</span> <span class='ocrx_word' id='word_1_80' title='bbox 302 1941 366 1974; x_wconf 87' lang='lat' dir='ltr'>Per</span> <span class='ocrx_word' id='word_1_81' title='bbox 391 1945 424 1973; x_wconf 90' lang='lat' dir='ltr'>te</span> <span class='ocrx_word' id='word_1_82' title='bbox 448 1950 555 1973; x_wconf 87' lang='lat' dir='ltr'>sumus</span> <span class='ocrx_word' id='word_1_83' title='bbox 581 1940 706 1984; x_wconf 77' lang='lat' dir='ltr'>salvati,</span> 
     </span>
     <span class='ocr_line' id='line_1_37' title="bbox 299 1989 586 2022; baseline 0 -1"><span class='ocrx_word' id='word_1_84' title='bbox 299 1997 379 2021; x_wconf 78' lang='lat' dir='ltr'>vera</span> <span class='ocrx_word' id='word_1_85' title='bbox 402 1989 586 2022; x_wconf 71' lang='lat' dir='ltr'>aeternitas.</span> 
     </span>
    </p>
   </div>
   <div class='ocr_carea' id='block_1_15' title="bbox 192 2047 666 2229">
    <p class='ocr_par' dir='ltr' id='par_1_21' title="bbox 192 2047 666 2229">
     <span class='ocr_line' id='line_1_38' title="bbox 192 2047 631 2086; baseline -0.009 -5"><span class='ocrx_word' id='word_1_86' title='bbox 192 2047 274 2081; x_wconf 69' lang='lat'>1021.</span> <span class='ocrx_word' id='word_1_87' title='bbox 301 2047 458 2086; x_wconf 86' lang='lat' dir='ltr'>Populum</span> <span class='ocrx_word' id='word_1_88' title='bbox 484 2048 631 2078; x_wconf 87' lang='lat' dir='ltr'>cunctum</span> 
     </span>
     <span class='ocr_line' id='line_1_39' title="bbox 301 2096 503 2134; baseline 0 -9"><span class='ocrx_word' id='word_1_89' title='bbox 301 2097 337 2125; x_wconf 89' lang='lat' dir='ltr'>tu</span> <span class='ocrx_word' id='word_1_90' title='bbox 360 2096 503 2134; x_wconf 85' lang='lat' dir='ltr'>protege,</span> 
     </span>
     <span class='ocr_line' id='line_1_40' title="bbox 302 2141 541 2182; baseline -0.004 -9"><span class='ocrx_word' id='word_1_91' title='bbox 302 2141 402 2182; x_wconf 78' lang='lat' dir='ltr'>salva,</span> <span class='ocrx_word' id='word_1_92' title='bbox 428 2141 541 2180; x_wconf 86' lang='lat' dir='ltr'>libera,</span> 
     </span>
     <span class='ocr_line' id='line_1_41' title="bbox 304 2188 666 2229; baseline 0 -8"><span class='ocrx_word' id='word_1_93' title='bbox 304 2188 393 2229; x_wconf 81' lang='lat' dir='ltr'>eripe</span> <span class='ocrx_word' id='word_1_94' title='bbox 417 2191 514 2229; x_wconf 87' lang='lat' dir='ltr'>atque</span> <span class='ocrx_word' id='word_1_95' title='bbox 537 2188 666 2222; x_wconf 82' lang='lat' dir='ltr'>munda.</span> 
     </span>
    </p>
   </div>
   <div class='ocr_carea' id='block_1_16' title="bbox 732 293 910 327">
    <p class='ocr_par' dir='ltr' id='par_1_22' title="bbox 732 293 910 327">
     <span class='ocr_line' id='line_1_42' title="bbox 732 293 910 327; baseline -0.017 0"><span class='ocrx_word' id='word_1_96' title='bbox 732 293 910 327; x_wconf 79' lang='lat' dir='ltr'>Benedicta</span> 
     </span>
    </p>
   </div>
   <div class='ocr_carea' id='block_1_17' title="bbox 732 341 997 382">
    <p class='ocr_par' dir='ltr' id='par_1_23' title="bbox 732 341 997 382">
     <span class='ocr_line' id='line_1_43' title="bbox 732 341 997 382; baseline -0.015 -8"><span class='ocrx_word' id='word_1_97' title='bbox 732 350 859 382; x_wconf 79' lang='lat' dir='ltr'>semper</span> <span class='ocrx_word' id='word_1_98' title='bbox 883 341 997 372; x_wconf 73' lang='lat' dir='ltr'>sancta</span> 
     </span>
    </p>
   </div>
   <div class='ocr_carea' id='block_1_18' title="bbox 732 388 977 518">
    <p class='ocr_par' dir='ltr' id='par_1_24' title="bbox 732 388 977 518">
     <span class='ocr_line' id='line_1_44' title="bbox 732 388 936 429; baseline -0.01 -7"><span class='ocrx_word' id='word_1_99' title='bbox 732 390 774 422; x_wconf 83' lang='lat' dir='ltr'>sit</span> <span class='ocrx_word' id='word_1_100' title='bbox 799 388 936 429; x_wconf 82' lang='lat' dir='ltr'>trinitas,</span> 
     </span>
     <span class='ocr_line' id='line_1_45' title="bbox 733 437 838 470; baseline -0.01 0"><span class='ocrx_word' id='word_1_101' title='bbox 733 437 838 470; x_wconf 87' lang='lat' dir='ltr'>deitas</span> 
     </span>
     <span class='ocr_line' id='line_1_46' title="bbox 733 484 977 518; baseline -0.012 -1"><span class='ocrx_word' id='word_1_102' title='bbox 733 485 858 518; x_wconf 81' lang='lat' dir='ltr'>scilicet</span> <span class='ocrx_word' id='word_1_103' title='bbox 881 484 977 515; x_wconf 87' lang='lat' dir='ltr'>unica</span> 
     </span>
    </p>
   </div>
   <div class='ocr_carea' id='block_1_19' title="bbox 732 531 1048 573">
    <p class='ocr_par' dir='ltr' id='par_1_25' title="bbox 732 531 1048 573">
     <span class='ocr_line' id='line_1_47' title="bbox 732 531 1048 573; baseline -0.009 -8"><span class='ocrx_word' id='word_1_104' title='bbox 732 532 911 573; x_wconf 74' lang='lat' dir='ltr'>coaequalis</span> <span class='ocrx_word' id='word_1_105' title='bbox 936 531 1048 572; x_wconf 76' lang='lat' dir='ltr'>gloria.</span> 
     </span>
    </p>
   </div>
   <div class='ocr_carea' id='block_1_20' title="bbox 904 587 963 622">
    <p class='ocr_par' dir='ltr' id='par_1_26' title="bbox 904 587 963 622">
     <span class='ocr_line' id='line_1_48' title="bbox 904 587 963 622; baseline 0 0"><span class='ocrx_word' id='word_1_106' title='bbox 904 587 963 622; x_wconf 83' lang='lat' dir='ltr'>2b.</span> 
     </span>
    </p>
   </div>
   <div class='ocr_carea' id='block_1_21' title="bbox 739 836 964 877">
    <p class='ocr_par' dir='ltr' id='par_1_27' title="bbox 739 836 964 877">
     <span class='ocr_line' id='line_1_49' title="bbox 739 836 964 877; baseline -0.009 -8"><span class='ocrx_word' id='word_1_107' title='bbox 739 840 796 877; x_wconf 82' lang='lat' dir='ltr'>est,</span> <span class='ocrx_word' id='word_1_108' title='bbox 906 838 924 869; x_wconf 86' lang='lat'><strong>3</strong></span> <span class='ocrx_word' id='word_1_109' title='bbox 932 836 964 868; x_wconf 82' lang='lat' dir='ltr'>b.</span> 
     </span>
    </p>
   </div>
   <div class='ocr_carea' id='block_1_22' title="bbox 753 888 812 927">
    <p class='ocr_par' dir='ltr' id='par_1_28' title="bbox 753 888 812 927">
     <span class='ocr_line' id='line_1_50' title="bbox 753 888 812 927; baseline -0.017 -11"><span class='ocrx_word' id='word_1_110' title='bbox 753 888 812 927; x_wconf 81' lang='lat' dir='ltr'>est,</span> 
     </span>
    </p>
   </div>
   <div class='ocr_carea' id='block_1_23' title="bbox 906 1083 966 1116">
    <p class='ocr_par' dir='ltr' id='par_1_29' title="bbox 906 1083 966 1116">
     <span class='ocr_line' id='line_1_51' title="bbox 906 1083 966 1116; baseline -0.033 0"><span class='ocrx_word' id='word_1_111' title='bbox 906 1083 966 1116; x_wconf 82' lang='lat' dir='ltr'>4b.</span> 
     </span>
    </p>
   </div>
   <div class='ocr_carea' id='block_1_24' title="bbox 908 1235 965 1268">
    <p class='ocr_par' dir='ltr' id='par_1_30' title="bbox 908 1235 965 1268">
     <span class='ocr_line' id='line_1_52' title="bbox 908 1235 965 1268; baseline 0 0"><span class='ocrx_word' id='word_1_112' title='bbox 908 1235 965 1268; x_wconf 84' lang='lat' dir='ltr'>5b.</span> 
     </span>
    </p>
   </div>
   <div class='ocr_carea' id='block_1_25' title="bbox 909 1481 968 1515">
    <p class='ocr_par' dir='ltr' id='par_1_31' title="bbox 909 1481 968 1515">
     <span class='ocr_line' id='line_1_53' title="bbox 909 1481 968 1515; baseline -0.017 0"><span class='ocrx_word' id='word_1_113' title='bbox 909 1481 968 1515; x_wconf 86' lang='lat' dir='ltr'>6b.</span> 
     </span>
    </p>
   </div>
   <div class='ocr_carea' id='block_1_26' title="bbox 909 1682 968 1715">
    <p class='ocr_par' dir='ltr' id='par_1_32' title="bbox 909 1682 968 1715">
     <span class='ocr_line' id='line_1_54' title="bbox 909 1682 968 1715; baseline -0.017 0"><span class='ocrx_word' id='word_1_114' title='bbox 909 1682 968 1715; x_wconf 85' lang='lat' dir='ltr'>7b.</span> 
     </span>
    </p>
   </div>
   <div class='ocr_carea' id='block_1_27' title="bbox 909 1883 969 1974">
    <p class='ocr_par' dir='ltr' id='par_1_33' title="bbox 909 1883 969 1974">
     <span class='ocr_line' id='line_1_55' title="bbox 909 1883 968 1916; baseline -0.034 0"><span class='ocrx_word' id='word_1_115' title='bbox 909 1883 968 1916; x_wconf 85' lang='lat' dir='ltr'>8b.</span> 
     </span>
     <span class='ocr_line' id='line_1_56' title="bbox 910 1941 969 1974; baseline -0.017 0"><span class='ocrx_word' id='word_1_116' title='bbox 910 1941 969 1974; x_wconf 85' lang='lat' dir='ltr'>9b.</span> 
     </span>
    </p>
   </div>
   <div class='ocr_carea' id='block_1_28' title="bbox 887 2045 967 2079">
    <p class='ocr_par' dir='ltr' id='par_1_34' title="bbox 887 2045 967 2079">
     <span class='ocr_line' id='line_1_57' title="bbox 887 2045 967 2079; baseline -0.013 -2"><span class='ocrx_word' id='word_1_117' title='bbox 887 2045 967 2079; x_wconf 73' lang='lat'>1012.</span> 
     </span>
    </p>
   </div>
   <div class='ocr_carea' id='block_1_29' title="bbox 985 586 1476 1209">
    <p class='ocr_par' dir='ltr' id='par_1_35' title="bbox 986 586 1235 628">
     <span class='ocr_line' id='line_1_58' title="bbox 986 586 1235 628; baseline -0.016 -7"><span class='ocrx_word' id='word_1_118' title='bbox 986 588 1074 621; x_wconf 89' lang='lat' dir='ltr'>Deus</span> <span class='ocrx_word' id='word_1_119' title='bbox 1099 586 1235 628; x_wconf 86' lang='lat' dir='ltr'>genitor,</span> 
     </span>
    </p>

    <p class='ocr_par' dir='ltr' id='par_1_36' title="bbox 985 634 1237 676">
     <span class='ocr_line' id='line_1_59' title="bbox 985 634 1237 676; baseline -0.016 -8"><span class='ocrx_word' id='word_1_120' title='bbox 985 636 1075 668; x_wconf 87' lang='lat' dir='ltr'>Deus</span> <span class='ocrx_word' id='word_1_121' title='bbox 1101 634 1237 676; x_wconf 79' lang='lat' dir='ltr'>genitus,</span> 
     </span>
    </p>

    <p class='ocr_par' dir='ltr' id='par_1_37' title="bbox 986 684 1297 722">
     <span class='ocr_line' id='line_1_60' title="bbox 986 684 1297 722; baseline -0.013 -6"><span class='ocrx_word' id='word_1_122' title='bbox 986 684 1021 716; x_wconf 85' lang='lat' dir='ltr'>in</span> <span class='ocrx_word' id='word_1_123' title='bbox 1044 686 1181 722; x_wconf 86' lang='lat' dir='ltr'>utroque</span> <span class='ocrx_word' id='word_1_124' title='bbox 1205 689 1297 714; x_wconf 86' lang='lat' dir='ltr'>sacer</span> 
     </span>
    </p>

    <p class='ocr_par' dir='ltr' id='par_1_38' title="bbox 987 731 1131 771">
     <span class='ocr_line' id='line_1_61' title="bbox 987 731 1131 771; baseline -0.021 -7"><span class='ocrx_word' id='word_1_125' title='bbox 987 731 1131 771; x_wconf 86' lang='lat' dir='ltr'>spiritus,</span> 
     </span>
    </p>

    <p class='ocr_par' dir='ltr' id='par_1_39' title="bbox 989 777 1250 811">
     <span class='ocr_line' id='line_1_62' title="bbox 989 777 1250 811; baseline -0.008 0"><span class='ocrx_word' id='word_1_126' title='bbox 989 778 1110 811; x_wconf 86' lang='lat' dir='ltr'>deitate</span> <span class='ocrx_word' id='word_1_127' title='bbox 1134 777 1250 809; x_wconf 80' lang='lat' dir='ltr'>socius,</span> 
     </span>
    </p>

    <p class='ocr_par' dir='ltr' id='par_1_40' title="bbox 987 832 1476 920">
     <span class='ocr_line' id='line_1_63' title="bbox 988 832 1476 871; baseline -0.01 -4"><span class='ocrx_word' id='word_1_128' title='bbox 988 835 1061 867; x_wconf 84' lang='lat' dir='ltr'>Non</span> <span class='ocrx_word' id='word_1_129' title='bbox 1087 837 1153 866; x_wconf 84' lang='lat' dir='ltr'>tres</span> <span class='ocrx_word' id='word_1_130' title='bbox 1178 837 1286 865; x_wconf 77' lang='lat' dir='ltr'>tamen</span> <span class='ocrx_word' id='word_1_131' title='bbox 1311 832 1367 864; x_wconf 91' lang='lat' dir='ltr'>Dii</span> <span class='ocrx_word' id='word_1_132' title='bbox 1392 834 1476 871; x_wconf 84' lang='lat' dir='ltr'>sunt,</span> 
     </span>
     <span class='ocr_line' id='line_1_64' title="bbox 987 882 1397 920; baseline -0.01 -5"><span class='ocrx_word' id='word_1_133' title='bbox 987 882 1075 915; x_wconf 89' lang='lat' dir='ltr'>Deus</span> <span class='ocrx_word' id='word_1_134' title='bbox 1100 890 1196 914; x_wconf 86' lang='lat' dir='ltr'>verus</span> <span class='ocrx_word' id='word_1_135' title='bbox 1221 890 1303 913; x_wconf 90' lang='lat' dir='ltr'>unus</span> <span class='ocrx_word' id='word_1_136' title='bbox 1330 883 1397 920; x_wconf 74' lang='lat' dir='ltr'>est3</span> 
     </span>
    </p>

    <p class='ocr_par' dir='ltr' id='par_1_41' title="bbox 988 928 1333 969">
     <span class='ocr_line' id='line_1_65' title="bbox 988 928 1333 969; baseline -0.009 -7"><span class='ocrx_word' id='word_1_137' title='bbox 988 931 1036 962; x_wconf 86' lang='lat' dir='ltr'>sic</span> <span class='ocrx_word' id='word_1_138' title='bbox 1059 933 1154 969; x_wconf 80' lang='lat' dir='ltr'>pater</span> <span class='ocrx_word' id='word_1_139' title='bbox 1175 928 1333 961; x_wconf 85' lang='lat' dir='ltr'>Dominus</span> 
     </span>
    </p>

    <p class='ocr_par' dir='ltr' id='par_1_42' title="bbox 988 976 1128 1009">
     <span class='ocr_line' id='line_1_66' title="bbox 988 976 1128 1009; baseline 0 0"><span class='ocrx_word' id='word_1_140' title='bbox 988 981 1021 1009; x_wconf 86' lang='lat' dir='ltr'>et</span> <span class='ocrx_word' id='word_1_141' title='bbox 1043 976 1128 1009; x_wconf 82' lang='lat' dir='ltr'>filius</span> 
     </span>
    </p>

    <p class='ocr_par' dir='ltr' id='par_1_43' title="bbox 989 1023 1475 1209">
     <span class='ocr_line' id='line_1_67' title="bbox 989 1023 1399 1066; baseline -0.007 -9"><span class='ocrx_word' id='word_1_142' title='bbox 989 1024 1186 1065; x_wconf 79' lang='lat' dir='ltr'>spiritusque</span> <span class='ocrx_word' id='word_1_143' title='bbox 1209 1023 1399 1066; x_wconf 81' lang='lat' dir='ltr'>procedens.</span> 
     </span>
     <span class='ocr_line' id='line_1_68' title="bbox 990 1082 1475 1122; baseline -0.008 -8"><span class='ocrx_word' id='word_1_144' title='bbox 990 1082 1149 1121; x_wconf 77' lang='lat' dir='ltr'>Majestas</span> <span class='ocrx_word' id='word_1_145' title='bbox 1175 1091 1239 1122; x_wconf 85' lang='lat' dir='ltr'>par</span> <span class='ocrx_word' id='word_1_146' title='bbox 1264 1084 1295 1113; x_wconf 86' lang='lat' dir='ltr'>et</span> <span class='ocrx_word' id='word_1_147' title='bbox 1319 1084 1475 1120; x_wconf 74' lang='lat' dir='ltr'>potestas,</span> 
     </span>
     <span class='ocr_line' id='line_1_69' title="bbox 989 1130 1304 1169; baseline -0.003 -8"><span class='ocrx_word' id='word_1_148' title='bbox 989 1130 1083 1161; x_wconf 84' lang='lat' dir='ltr'>simul</span> <span class='ocrx_word' id='word_1_149' title='bbox 1108 1130 1142 1161; x_wconf 87' lang='lat' dir='ltr'>in</span> <span class='ocrx_word' id='word_1_150' title='bbox 1167 1133 1304 1169; x_wconf 85' lang='lat' dir='ltr'>utroque</span> 
     </span>
     <span class='ocr_line' id='line_1_70' title="bbox 991 1177 1170 1209; baseline 0 -1"><span class='ocrx_word' id='word_1_151' title='bbox 991 1177 1170 1209; x_wconf 79' lang='lat' dir='ltr'>clementia.</span> 
     </span>
    </p>
   </div>
   <div class='ocr_carea' id='block_1_30' title="bbox 989 1234 1524 1859">
    <p class='ocr_par' dir='ltr' id='par_1_44' title="bbox 990 1234 1257 1273">
     <span class='ocr_line' id='line_1_71' title="bbox 990 1234 1257 1273; baseline -0.007 -7"><span class='ocrx_word' id='word_1_152' title='bbox 990 1234 1090 1273; x_wconf 80' lang='lat' dir='ltr'>Quem</span> <span class='ocrx_word' id='word_1_153' title='bbox 1113 1235 1257 1265; x_wconf 84' lang='lat' dir='ltr'>tremunt</span> 
     </span>
    </p>

    <p class='ocr_par' dir='ltr' id='par_1_45' title="bbox 989 1281 1089 1322">
     <span class='ocr_line' id='line_1_72' title="bbox 989 1281 1089 1322; baseline 0 -9"><span class='ocrx_word' id='word_1_154' title='bbox 989 1281 1089 1322; x_wconf 85' lang='lat' dir='ltr'>impia</span> 
     </span>
    </p>

    <p class='ocr_par' dir='ltr' id='par_1_46' title="bbox 990 1331 1125 1372">
     <span class='ocr_line' id='line_1_73' title="bbox 990 1331 1125 1372; baseline 0.007 -12"><span class='ocrx_word' id='word_1_155' title='bbox 990 1331 1125 1372; x_wconf 83' lang='lat' dir='ltr'>tartara,</span> 
     </span>
    </p>

    <p class='ocr_par' dir='ltr' id='par_1_47' title="bbox 993 1376 1337 1417">
     <span class='ocr_line' id='line_1_74' title="bbox 993 1376 1337 1417; baseline -0.006 -8"><span class='ocrx_word' id='word_1_156' title='bbox 993 1376 1069 1409; x_wconf 83' lang='lat' dir='ltr'>colit</span> <span class='ocrx_word' id='word_1_157' title='bbox 1093 1385 1218 1417; x_wconf 86' lang='lat' dir='ltr'>quoque</span> <span class='ocrx_word' id='word_1_158' title='bbox 1243 1384 1337 1416; x_wconf 80' lang='lat' dir='ltr'>quem</span> 
     </span>
    </p>

    <p class='ocr_par' dir='ltr' id='par_1_48' title="bbox 991 1422 1327 1464">
     <span class='ocr_line' id='line_1_75' title="bbox 991 1422 1327 1464; baseline 0.003 -8"><span class='ocrx_word' id='word_1_159' title='bbox 991 1428 1024 1456; x_wconf 84' lang='lat' dir='ltr'>et</span> <span class='ocrx_word' id='word_1_160' title='bbox 1046 1423 1181 1464; x_wconf 83' lang='lat' dir='ltr'>abyssus</span> <span class='ocrx_word' id='word_1_161' title='bbox 1206 1422 1327 1457; x_wconf 82' lang='lat' dir='ltr'>infima.</span> 
     </span>
    </p>

    <p class='ocr_par' dir='ltr' id='par_1_49' title="bbox 991 1481 1214 1513">
     <span class='ocr_line' id='line_1_76' title="bbox 991 1481 1214 1513; baseline -0.004 0"><span class='ocrx_word' id='word_1_162' title='bbox 991 1481 1087 1513; x_wconf 79' lang='lat' dir='ltr'>Nunc</span> <span class='ocrx_word' id='word_1_163' title='bbox 1111 1481 1214 1513; x_wconf 89' lang='lat' dir='ltr'>omnis</span> 
     </span>
    </p>

    <p class='ocr_par' dir='ltr' id='par_1_50' title="bbox 990 1530 1310 1570">
     <span class='ocr_line' id='line_1_77' title="bbox 990 1530 1310 1570; baseline 0.003 -10"><span class='ocrx_word' id='word_1_164' title='bbox 990 1538 1055 1561; x_wconf 74' lang='lat' dir='ltr'>vox</span> <span class='ocrx_word' id='word_1_165' title='bbox 1079 1532 1176 1570; x_wconf 84' lang='lat' dir='ltr'>atque</span> <span class='ocrx_word' id='word_1_166' title='bbox 1198 1530 1310 1570; x_wconf 77' lang='lat' dir='ltr'>lingua</span> 
     </span>
    </p>

    <p class='ocr_par' dir='ltr' id='par_1_51' title="bbox 991 1575 1257 1610">
     <span class='ocr_line' id='line_1_78' title="bbox 991 1575 1257 1610; baseline 0.004 -2"><span class='ocrx_word' id='word_1_167' title='bbox 991 1575 1134 1610; x_wconf 81' lang='lat' dir='ltr'>fateatur</span> <span class='ocrx_word' id='word_1_168' title='bbox 1158 1576 1257 1609; x_wconf 86' lang='lat' dir='ltr'>laude</span> 
     </span>
    </p>

    <p class='ocr_par' dir='ltr' id='par_1_52' title="bbox 995 1625 1193 1666">
     <span class='ocr_line' id='line_1_79' title="bbox 995 1625 1193 1666; baseline 0.005 -10"><span class='ocrx_word' id='word_1_169' title='bbox 995 1625 1193 1666; x_wconf 73' lang='lat' dir='ltr'>dignissima.</span> 
     </span>
    </p>

    <p class='ocr_par' dir='ltr' id='par_1_53' title="bbox 990 1678 1524 1762">
     <span class='ocr_line' id='line_1_80' title="bbox 990 1678 1524 1725; baseline -0.002 -11"><span class='ocrx_word' id='word_1_170' title='bbox 990 1682 1055 1722; x_wconf 80' lang='lat' dir='ltr'>Eja</span> <span class='ocrx_word' id='word_1_171' title='bbox 1080 1684 1113 1714; x_wconf 75' lang='lat' dir='ltr'>et,</span> <span class='ocrx_word' id='word_1_172' title='bbox 1129 1681 1190 1722; x_wconf 81' lang='lat' dir='ltr'>eja,</span> <span class='ocrx_word' id='word_1_173' title='bbox 1219 1678 1319 1724; x_wconf 88' lang='lat' dir='ltr'>(nunc</span> <span class='ocrx_word' id='word_1_174' title='bbox 1337 1679 1407 1725; x_wconf 88' lang='lat' dir='ltr'>ore)</span> <span class='ocrx_word' id='word_1_175' title='bbox 1427 1681 1524 1714; x_wconf 88' lang='lat' dir='ltr'>simul</span> 
     </span>
     <span class='ocr_line' id='line_1_81' title="bbox 992 1730 1192 1762; baseline -0.005 0"><span class='ocrx_word' id='word_1_176' title='bbox 992 1730 1192 1762; x_wconf 73' lang='lat' dir='ltr'>moduiemus</span> 
     </span>
    </p>

    <p class='ocr_par' dir='ltr' id='par_1_54' title="bbox 991 1778 1166 1810">
     <span class='ocr_line' id='line_1_82' title="bbox 991 1778 1166 1810; baseline 0 0"><span class='ocrx_word' id='word_1_177' title='bbox 991 1778 1166 1810; x_wconf 83' lang='lat' dir='ltr'>altithrono</span> 
     </span>
    </p>

    <p class='ocr_par' dir='ltr' id='par_1_55' title="bbox 992 1825 1494 1859">
     <span class='ocr_line' id='line_1_83' title="bbox 992 1825 1494 1859; baseline 0 -1"><span class='ocrx_word' id='word_1_178' title='bbox 992 1826 1131 1859; x_wconf 87' lang='lat' dir='ltr'>Domino</span> <span class='ocrx_word' id='word_1_179' title='bbox 1154 1826 1269 1858; x_wconf 84' lang='lat' dir='ltr'>laudes</span> <span class='ocrx_word' id='word_1_180' title='bbox 1294 1826 1329 1858; x_wconf 86' lang='lat' dir='ltr'>in</span> <span class='ocrx_word' id='word_1_181' title='bbox 1355 1825 1494 1858; x_wconf 71' lang='lat' dir='ltr'>excelso.</span> 
     </span>
    </p>
   </div>
   <div class='ocr_carea' id='block_1_31' title="bbox 995 1883 1377 1924">
    <p class='ocr_par' dir='ltr' id='par_1_56' title="bbox 995 1883 1377 1924">
     <span class='ocr_line' id='line_1_84' title="bbox 995 1883 1377 1924; baseline -0.003 -8"><span class='ocrx_word' id='word_1_182' title='bbox 995 1883 1020 1916; x_wconf 94' lang='lat' dir='ltr'>O</span> <span class='ocrx_word' id='word_1_183' title='bbox 1047 1883 1234 1916; x_wconf 77' lang='lat' dir='ltr'>veneranda,</span> <span class='ocrx_word' id='word_1_184' title='bbox 1257 1883 1377 1924; x_wconf 82' lang='lat' dir='ltr'>unitas,</span> 
     </span>
    </p>
   </div>
   <div class='ocr_carea' id='block_1_32' title="bbox 991 1939 1445 2021">
    <p class='ocr_par' dir='ltr' id='par_1_57' title="bbox 991 1939 1445 2021">
     <span class='ocr_line' id='line_1_85' title="bbox 991 1939 1445 1981; baseline -0.002 -8"><span class='ocrx_word' id='word_1_185' title='bbox 991 1941 1056 1973; x_wconf 88' lang='lat' dir='ltr'>Per</span> <span class='ocrx_word' id='word_1_186' title='bbox 1079 1943 1113 1972; x_wconf 89' lang='lat' dir='ltr'>te</span> <span class='ocrx_word' id='word_1_187' title='bbox 1137 1949 1246 1972; x_wconf 84' lang='lat' dir='ltr'>sumus</span> <span class='ocrx_word' id='word_1_188' title='bbox 1272 1939 1445 1981; x_wconf 84' lang='lat' dir='ltr'>redempti,</span> 
     </span>
     <span class='ocr_line' id='line_1_86' title="bbox 991 1988 1338 2021; baseline 0.003 -1"><span class='ocrx_word' id='word_1_189' title='bbox 991 1998 1116 2020; x_wconf 82' lang='lat' dir='ltr'>summa</span> <span class='ocrx_word' id='word_1_190' title='bbox 1137 1989 1176 2019; x_wconf 72' lang='lat' dir='ltr'>tu</span> <span class='ocrx_word' id='word_1_191' title='bbox 1198 1988 1338 2021; x_wconf 80' lang='lat' dir='ltr'>bonitas.</span> 
     </span>
    </p>
   </div>
   <div class='ocr_carea' id='block_1_33' title="bbox 990 2046 1345 2229">
    <p class='ocr_par' dir='ltr' id='par_1_58' title="bbox 991 2046 1288 2134">
     <span class='ocr_line' id='line_1_87' title="bbox 991 2046 1288 2087; baseline 0 -10"><span class='ocrx_word' id='word_1_192' title='bbox 991 2046 1038 2077; x_wconf 87' lang='lat' dir='ltr'>Te</span> <span class='ocrx_word' id='word_1_193' title='bbox 1065 2046 1288 2087; x_wconf 83' lang='lat' dir='ltr'>deprecamur,</span> 
     </span>
     <span class='ocr_line' id='line_1_88' title="bbox 993 2093 1205 2134; baseline 0 -9"><span class='ocrx_word' id='word_1_194' title='bbox 993 2093 1205 2134; x_wconf 87' lang='lat' dir='ltr'>omnipotens,</span> 
     </span>
    </p>

    <p class='ocr_par' dir='ltr' id='par_1_59' title="bbox 992 2142 1241 2174">
     <span class='ocr_line' id='line_1_89' title="bbox 992 2142 1241 2174; baseline 0.008 -2"><span class='ocrx_word' id='word_1_195' title='bbox 992 2142 1054 2173; x_wconf 89' lang='lat' dir='ltr'>tibi</span> <span class='ocrx_word' id='word_1_196' title='bbox 1080 2142 1241 2174; x_wconf 86' lang='lat' dir='ltr'>canimus:</span> 
     </span>
    </p>

    <p class='ocr_par' dir='ltr' id='par_1_60' title="bbox 990 2189 1345 2229">
     <span class='ocr_line' id='line_1_90' title="bbox 990 2189 1345 2229; baseline 0 -9"><span class='ocrx_word' id='word_1_197' title='bbox 990 2189 1052 2223; x_wconf 86' lang='lat' dir='ltr'>tibi</span> <span class='ocrx_word' id='word_1_198' title='bbox 1076 2189 1147 2223; x_wconf 84' lang='lat' dir='ltr'>laus</span> <span class='ocrx_word' id='word_1_199' title='bbox 1173 2193 1207 2221; x_wconf 82' lang='lat' dir='ltr'>et</span> <span class='ocrx_word' id='word_1_200' title='bbox 1231 2189 1345 2229; x_wconf 81' lang='lat' dir='ltr'>gloria..</span> 
     </span>
    </p>
   </div>
   <div class='ocr_carea' id='block_1_34' title="bbox 192 2261 1528 2455">
    <p class='ocr_par' dir='ltr' id='par_1_61' title="bbox 192 2261 1528 2455">
     <span class='ocr_line' id='line_1_91' title="bbox 272 2261 1526 2293; baseline -0.002 0"><span class='ocrx_word' id='word_1_201' title='bbox 272 2265 297 2293; x_wconf 76' lang='lat' dir='ltr'>B</span> <span class='ocrx_word' id='word_1_202' title='bbox 316 2264 367 2293; x_wconf 78' lang='lat' dir='ltr'>fol.</span> <span class='ocrx_word' id='word_1_203' title='bbox 395 2262 450 2292; x_wconf 79' lang='lat'>192</span> <span class='ocrx_word' id='word_1_204' title='bbox 461 2272 488 2291; x_wconf 86' lang='lat' dir='ltr'>a.</span> <span class='ocrx_word' id='word_1_205' title='bbox 508 2280 547 2283; x_wconf 97' lang='lat'><strong>—</strong></span> <span class='ocrx_word' id='word_1_206' title='bbox 566 2264 611 2292; x_wconf 74' lang='lat' dir='ltr'>Ca</span> <span class='ocrx_word' id='word_1_207' title='bbox 633 2263 685 2292; x_wconf 79' lang='lat' dir='ltr'>fol.</span> <span class='ocrx_word' id='word_1_208' title='bbox 706 2261 763 2292; x_wconf 78' lang='lat'>133</span> <span class='ocrx_word' id='word_1_209' title='bbox 775 2271 802 2292; x_wconf 83' lang='lat' dir='ltr'>a.</span> <span class='ocrx_word' id='word_1_210' title='bbox 826 2278 864 2283; x_wconf 92' lang='lat'>—-</span> <span class='ocrx_word' id='word_1_211' title='bbox 883 2263 942 2292; x_wconf 80' lang='lat' dir='ltr'>Cfr.</span> <span class='ocrx_word' id='word_1_212' title='bbox 966 2264 1102 2292; x_wconf 71' lang='lat' dir='ltr'>Rebi-ein</span> <span class='ocrx_word' id='word_1_213' title='bbox 1123 2265 1177 2293; x_wconf 68' lang='lat' dir='ltr'>Nr.</span> <span class='ocrx_word' id='word_1_214' title='bbox 1200 2261 1266 2293; x_wconf 76' lang='lat'>139.</span> <span class='ocrx_word' id='word_1_215' title='bbox 1286 2280 1326 2284; x_wconf 92' lang='lat'>—</span> <span class='ocrx_word' id='word_1_216' title='bbox 1345 2261 1390 2292; x_wconf 64' lang='lat'>32</span> <span class='ocrx_word' id='word_1_217' title='bbox 1409 2264 1526 2293; x_wconf 79' lang='lat' dir='ltr'>seheint</span> 
     </span>
     <span class='ocr_line' id='line_1_92' title="bbox 192 2302 1526 2340; baseline -0.001 -8"><span class='ocrx_word' id='word_1_218' title='bbox 192 2311 250 2332; x_wconf 76' lang='lat' dir='ltr'>aus</span> <span class='ocrx_word' id='word_1_219' title='bbox 271 2302 411 2332; x_wconf 82' lang='lat' dir='ltr'>Griinden</span> <span class='ocrx_word' id='word_1_220' title='bbox 431 2302 647 2340; x_wconf 84' lang='lat' dir='ltr'>dogmatischer</span> <span class='ocrx_word' id='word_1_221' title='bbox 667 2302 868 2339; x_wconf 73' lang='lat' dir='ltr'>Genaujgkeit</span> <span class='ocrx_word' id='word_1_222' title='bbox 887 2311 917 2330; x_wconf 84' lang='lat' dir='ltr'>es</span> <span class='ocrx_word' id='word_1_223' title='bbox 938 2304 1068 2339; x_wconf 86' lang='lat' dir='ltr'>weniger</span> <span class='ocrx_word' id='word_1_224' title='bbox 1094 2310 1191 2339; x_wconf 85' lang='lat' dir='ltr'>genau</span> <span class='ocrx_word' id='word_1_225' title='bbox 1211 2303 1271 2331; x_wconf 72' lang='lat' dir='ltr'>mit</span> <span class='ocrx_word' id='word_1_226' title='bbox 1286 2303 1354 2331; x_wconf 79' lang='lat' dir='ltr'>dem</span> <span class='ocrx_word' id='word_1_227' title='bbox 1372 2303 1526 2332; x_wconf 80' lang='lat' dir='ltr'>Versmass</span> 
     </span>
     <span class='ocr_line' id='line_1_93' title="bbox 195 2340 1527 2375; baseline 0.001 -5"><span class='ocrx_word' id='word_1_228' title='bbox 195 2352 233 2370; x_wconf 87' lang='lat' dir='ltr'>zu</span> <span class='ocrx_word' id='word_1_229' title='bbox 259 2341 370 2370; x_wconf 75' lang='lat' dir='ltr'>hasten.</span> <span class='ocrx_word' id='word_1_230' title='bbox 410 2340 556 2370; x_wconf 79' lang='lat' dir='ltr'>Dasselbe</span> <span class='ocrx_word' id='word_1_231' title='bbox 582 2341 661 2369; x_wconf 76' lang='lat' dir='ltr'>w‘are</span> <span class='ocrx_word' id='word_1_232' title='bbox 686 2340 896 2375; x_wconf 71' lang='lat' dir='ltr'>hmustessen,</span> <span class='ocrx_word' id='word_1_233' title='bbox 923 2341 1025 2370; x_wconf 72' lang='lat' dir='ltr'>wollte</span> <span class='ocrx_word' id='word_1_234' title='bbox 1048 2349 1119 2370; x_wconf 81' lang='lat' dir='ltr'>man</span> <span class='ocrx_word' id='word_1_235' title='bbox 1144 2341 1193 2369; x_wconf 85' lang='lat' dir='ltr'>die</span> <span class='ocrx_word' id='word_1_236' title='bbox 1217 2341 1326 2370; x_wconf 78' lang='lat' dir='ltr'>beiden</span> <span class='ocrx_word' id='word_1_237' title='bbox 1351 2342 1527 2371; x_wconf 80' lang='lat' dir='ltr'>Klammern</span> 
     </span>
     <span class='ocr_line' id='line_1_94' title="bbox 194 2377 1528 2417; baseline 0 -8"><span class='ocrx_word' id='word_1_238' title='bbox 194 2382 289 2417; x_wconf 82' lang='lat' dir='ltr'>filgen</span> <span class='ocrx_word' id='word_1_239' title='bbox 313 2380 373 2408; x_wconf 89' lang='lat' dir='ltr'>und</span> <span class='ocrx_word' id='word_1_240' title='bbox 399 2381 432 2408; x_wconf 86' lang='lat' dir='ltr'>in</span> <span class='ocrx_word' id='word_1_241' title='bbox 457 2377 509 2415; x_wconf 66' lang='lat'>312,</span> <span class='ocrx_word' id='word_1_242' title='bbox 533 2378 547 2406; x_wconf 88' lang='lat'>1</span> <span class='ocrx_word' id='word_1_243' title='bbox 578 2380 635 2407; x_wconf 85' lang='lat' dir='ltr'>den</span> <span class='ocrx_word' id='word_1_244' title='bbox 655 2379 815 2415; x_wconf 82' lang='lat' dir='ltr'>doppelten</span> <span class='ocrx_word' id='word_1_245' title='bbox 833 2380 950 2408; x_wconf 85' lang='lat' dir='ltr'>ii—Laut</span> <span class='ocrx_word' id='word_1_246' title='bbox 969 2380 1014 2408; x_wconf 84' lang='lat' dir='ltr'>als</span> <span class='ocrx_word' id='word_1_247' title='bbox 1033 2380 1121 2408; x_wconf 77' lang='lat' dir='ltr'>einen</span> <span class='ocrx_word' id='word_1_248' title='bbox 1140 2380 1278 2408; x_wconf 83' lang='lat' dir='ltr'>rechnen.</span> <span class='ocrx_word' id='word_1_249' title='bbox 1318 2380 1374 2409; x_wconf 83' lang='lat' dir='ltr'>Eei</span> <span class='ocrx_word' id='word_1_250' title='bbox 1393 2380 1528 2410; x_wconf 84' lang='lat' dir='ltr'>Kehrein</span> 
     </span>
     <span class='ocr_line' id='line_1_95' title="bbox 194 2416 1457 2455; baseline 0 -7"><span class='ocrx_word' id='word_1_251' title='bbox 194 2420 312 2448; x_wconf 78' lang='lat' dir='ltr'>scheint</span> <span class='ocrx_word' id='word_1_252' title='bbox 331 2418 380 2447; x_wconf 83' lang='lat' dir='ltr'>die</span> <span class='ocrx_word' id='word_1_253' title='bbox 399 2426 493 2455; x_wconf 77' lang='lat' dir='ltr'>ganzo</span> <span class='ocrx_word' id='word_1_254' title='bbox 513 2416 639 2455; x_wconf 79' lang='lat' dir='ltr'>strophe</span> <span class='ocrx_word' id='word_1_255' title='bbox 658 2417 867 2454; x_wconf 82' lang='lat' dir='ltr'>umgedichtet.</span> <span class='ocrx_word' id='word_1_256' title='bbox 888 2434 926 2439; x_wconf 90' lang='lat'>—</span> <span class='ocrx_word' id='word_1_257' title='bbox 946 2417 1000 2453; x_wconf 83' lang='lat' dir='ltr'>3b,</span> <span class='ocrx_word' id='word_1_258' title='bbox 1022 2417 1040 2447; x_wconf 87' lang='grc'>5</span> <span class='ocrx_word' id='word_1_259' title='bbox 1062 2419 1245 2455; x_wconf 80' lang='lat' dir='ltr'>spiritusque</span> <span class='ocrx_word' id='word_1_260' title='bbox 1265 2418 1402 2448; x_wconf 82' lang='lat' dir='ltr'>dominus</span> <span class='ocrx_word' id='word_1_261' title='bbox 1422 2420 1457 2448; x_wconf 88' lang='lat' dir='ltr'>B.</span> 
     </span>
    </p>
   </div>
  </div>
 </body>
</html>
