1655 2637
132 199 189 233 5a.

131 449 187 481 6a.

132 541 189 589 va.

130 756 186 789 8a.

129 957 186 990 9a.

663 126 709 129 —
761 104 924 141 147—

215 200 297 240 Age‚
326 200 377 242 eja

213 256 307 280 sacra

213 296 387 338 phalanga,
414 301 550 338 propter
573 299 651 338 quid

215 346 307 376 tanta
333 346 497 386 tripudias

214 391 359 433 organa?

214 449 273 488 Qui
299 451 366 483 voti
393 460 521 492 compos

214 498 328 530 trabea
351 498 462 531 lucida

217 554 366 588 Gloriosa
392 556 482 595 eujus

213 602 366 635 redimita

213 651 320 682 anima
345 651 507 684 schemate

214 698 360 739 poligera

212 756 389 795 Insignitas

212 805 289 844 toga
312 806 472 844 gemmata

209 859 296 883 nunc
320 861 446 893 quoque
471 852 650 894 triumphat

211 908 310 931 aurea
333 900 421 932 intra
445 901 596 933 thalama.

213 956 238 989 O
265 966 360 998 quam
386 956 535 998 feliciter,

212 1013 230 1036 o
257 1014 353 1045 quam
377 1005 633 1038 remediabiliter

210 1052 245 1084 in
270 1056 403 1085 aeterna
427 1054 520 1093 atria,

209 1099 396 1141 Benedicta,

207 1148 400 1181 inexhausta

210 1197 325 1229 rutilas
348 1197 512 1238 lampada.

829 203 886 237 5b.

827 453 884 486 6b.

826 558 885 590 Ἡ).

825 757 883 791 8b¹

824 958 882 991 9b.

909 204 1010 236 Immo
1035 203 1069 235 iu
1095 202 1214 243 quem?

910 251 1104 284 Benedictus

912 300 1096 332 christicola
1121 301 1195 340 quia

910 347 1097 380 conscendit
1118 349 1184 381 alta
1203 349 1272 388 jam

908 396 1043 428 moenia.

909 453 1031 485 Nactus
1055 461 1116 492 per
1139 461 1253 485 aevum

909 509 1073 541 purpurea
1098 498 1212 533 fulcra.

907 557 1094 591 Triambum
1119 566 1294 597 perennem

908 605 1060 637 retinebit

906 662 1006 693 penes
1034 652 1182 686 duodena

908 701 1052 742 collegia.

907 757 1006 790 Sacer
1029 759 1122 791 miles

907 806 1066 846 lampabit
1091 809 1229 847 sceptra,

906 854 1029 886 arbiter
1053 863 1192 886 summus
1219 863 1290 886 cum

906 902 1061 934 inluxerit
1086 903 1120 934 in
1145 903 1258 942 gloria.

907 958 1110 998 Quapropter
1135 968 1324 999 quaesumus

905 1006 940 1037 in
964 1006 1058 1046 hujus
1086 1006 1151 1038 diei
1175 1016 1291 1047 annua,

907 1054 1026 1086 accede
1051 1054 1138 1094 apud
1167 1054 1328 1087 Christum

907 1101 1099 1142 suffragator

906 1150 1037 1189 pietatis

904 1206 964 1237 pro
987 1201 1100 1231 nostra
1126 1198 1260 1230 crimina

536 1254 591 1287 10.
620 1254 743 1287 Cuncta
767 1264 827 1295 per
852 1255 970 1289 saecla.

203 1320 227 1349 B
246 1318 473 1349 f01.2222.—
503 1320 531 1348 Ε
550 1320 603 1349 fol.
623 1318 716 1349 3091).
744 1336 782 1340 —
808 1319 863 1357 2b,
891 1319 911 1348 2
931 1321 1006 1349 haee
1025 1324 1070 1350 est
1088 1322 1215 1350 resultat
1241 1322 1274 1349 B.
1301 1336 1338 1340 —
1369 1319 1420 1351 21>

125 1360 237 1387 cunetis
257 1359 423 1395 glomerata
441 1359 475 1386 Β.
503 1373 542 1379 -
566 1343 903 1393 3a,1sanceitust’ibi
922 1360 958 1388 E.
989 1374 1023 1378 —
1053 1357 1105 1394 310,
1127 1357 1145 1386 2
1165 1369 1217 1397 pm
1222 1360 1282 1388 dite
1302 1360 1336 1388 B.
1358 1375 1394 1379 —
1417 1359 1462 1388 4a

123 1397 185 1425 und
205 1395 248 1426 41)
269 1398 442 1435 umgestellt
460 1398 494 1426 B.
515 1412 554 1417 ——
573 1396 627 1432 4a,
648 1396 666 1427 3
686 1398 801 1426 redolet
820 1398 859 1434 133
880 1401 1001 1426 resonat
1016 1398 1053 1426 Ε.
1075 1415 1114 1419 —
1130 1370 1184 1433 41),
1205 1396 1224 1425 2
1245 1407 1283 1435 ap
1284 1407 1349 1435 par
1342 1402 1395 1426 ta
1425 1415 1463 1419 —

127 1435 179 1468 51)
204 1435 218 1464 1
241 1436 360 1472 Hymno
382 1437 415 1463 in
438 1445 526 1473 quem
545 1436 579 1464 B.
600 1451 638 1456 —
659 1435 710 1471 6a,
735 1434 749 1465 1
773 1438 867 1472 Quem
886 1439 958 1465 vota
976 1436 1017 1474 E;
1048 1437 1143 1471 Quam
1162 1438 1226 1466 voti
1247 1407 1283 1466 ΒΡ
1305 1453 1341 1457 -
1371 1437 1414 1465 7a
1444 1434 1462 1464 2

127 1475 229 1503 anima
247 1465 385 1503 redimita
403 1475 466 1503 BE.
493 1489 532 1494 —-
554 1473 606 1510 812,
625 1473 644 1502 2
662 1474 812 1512 lampabis
833 1476 866 1503 B.
886 1491 926 1495 --
945 1475 998 1512 921,
1009 1459 1037 1504 6
1056 1475 1220 1513 lampadas.

131 1640 186 1672 la.

128 1795 186 1827 2a.

128 1948 184 1981 3a.

124 2249 182 2281 4a.

587 1568 651 1601 133.
683 1568 727 1601 De
748 1568 856 1601 sancto
877 1568 992 1600 Felice.

216 1639 397 1679 Concrepet
419 1639 597 1680 symbolica

213 1687 342 1720 Christo
367 1687 511 1728 psallens
537 1688 719 1720 melodema

209 1735 359 1776 polorum
385 1735 513 1768 chorea.

214 1791 316 1825 Trina
340 1796 506 1826 ternarum
533 1794 621 1826 curia

213 1840 360 1873 dindima

213 1892 408 1929 concrepent
433 1889 528 1922 simul
554 1890 737 1930 praeconia.

213 1945 311 1986 Cujus
336 1943 480 1988 δύναμις
505 1948 627 1980 invicta

211 1995 315 2036 pollet
339 1996 374 2028 in
400 2004 489 2037 arva,

210 2044 291 2076 haec
316 2044 367 2075 cui
390 2044 448 2084 pia

210 2091 290 2124 odas
316 2091 382 2125 fert
408 2095 540 2126 caterva

210 2140 431 2182 hypophetico,

208 2189 424 2231 hymnologia.

210 2247 377 2289 Theologa
403 2247 559 2281 Gerunda

208 2296 355 2338 opimans
379 2297 473 2330 verbi

208 2348 258 2378 sat
282 2349 448 2387 spermata

208 2393 414 2435 hieromysta.

825 1639 882 1673 1b.

826 1794 883 1827 21).

824 1947 882 1981 31).

824 2247 883 2282 412.

906 1639 1050 1672 Uranioa
1074 1640 1164 1682 regia

908 1696 949 1719 en
972 1690 1127 1727 pertonat
1150 1688 1343 1729 symphonia

907 1735 969 1768 hac
995 1736 1048 1768 die
1073 1736 1196 1770 inclita.

907 1792 1028 1825 Felicis
1055 1793 1147 1825 testis
1172 1795 1310 1834 trophea

906 1842 1045 1874 reboans

907 1893 1042 1931 augusta
1066 1890 1154 1922 intra
1178 1890 1312 1931 palatia.

906 1947 1016 1979 Tellus
1043 1947 1119 1980 olim
1145 1948 1199 1987 qui
1224 1947 1364 1989 Spaniae

906 1996 1008 2028 traxit
1033 1995 1164 2029 archica

905 2044 1052 2084 pandens
1078 2044 1195 2085 munia,

904 2093 1032 2134 ¹iugavit
1056 2092 1196 2133 plurima

909 2140 1039 2174 Christo
1065 2142 1198 2174 climata

907 2191 1031 2230 pellens
1057 2190 1193 2223 ludicra.

906 2248 999 2280 Artis
1026 2248 1159 2289 tempsit
1183 2248 1275 2289 scita,

907 2296 1018 2330 Rufini
1042 2306 1149 2338 saeva,

908 2343 976 2389 ejus
1002 2346 1172 2387 omnigena

906 2395 1017 2427 vicens
1043 2398 1213 2428 tormenta.

1227 2449 1285 2480 10*
