1655 2637
700 105 961 141 —139—

166 200 247 234 12a.
274 202 334 242 Qui
359 206 471 243 pastor
496 203 609 236 ovibus
863 203 945 238 12b.
967 206 1111 237 Aeterna
1135 204 1254 245 gaudia

274 251 453 291 prudenter
476 252 654 285 monastica
971 252 1172 293 deposcimus
1197 261 1256 285 nos
1280 261 1354 292 una,

275 299 416 333 intexuit
971 309 989 333 0
1014 300 1128 340 Aredi,

276 355 335 388 per
360 346 516 380 exercitia
969 349 1109 389 impetra
1133 347 1236 388 nobis,

279 394 400 428 Nicetii
423 396 491 436 jam
516 398 594 429 nota
971 399 1082 429 sancte
1108 395 1272 428 confessor
1298 395 1437 439 Christi3

280 444 439 485 dogmata.
970 445 1098 477 saecula

659 504 712 537 13.
742 503 805 536 Per
831 505 946 535 cuncta

737 551 850 591 honor,
876 551 957 592 laus,
984 550 1053 583 Deo

741 598 782 631 sit
806 599 919 639 gloria.

170 698 232 729 mh
246 661 410 730 (ἓῇἓιέἑξξ
424 672 450 691 a.
465 677 498 682 —
523 661 575 697 521,
597 660 615 691 ‘2
635 667 721 700 grata
737 664 848 693 Aredii.
869 679 907 685 —
929 661 962 691 11
974 671 999 695 a„
1017 661 1034 692 3
1051 662 1119 691 idea
1132 664 1172 691 im
1187 664 1260 692 Sinn
1274 672 1334 691 von
1352 661 1440 695 εἶδος,
1458 679 1497 683 --

628 795 688 827 126.
719 796 764 827 De
785 797 893 827 saneto
914 795 1039 827 Aredio.

634 868 664 899 1.
692 867 767 899 Alle
789 883 836 889 —
862 876 924 910 vex
949 870 1075 907 promat

693 914 820 947 Christo
847 915 990 947 carmina

690 962 885 1003 perpulchra
908 981 956 985 —
981 963 1057 1003 luja.

170 1028 227 1060 Za.
256 1027 353 1060 Clara
379 1036 530 1060 camoena
866 1029 924 1061 212.
948 1028 1008 1061 Cui
1034 1028 1152 1061 chorea

255 1084 334 1108 sona
359 1079 464 1108 turma
947 1079 998 1108 sat
1021 1075 1131 1109 lucida

253 1123 326 1164 lyra
946 1124 1029 1156 mira

253 1171 353 1203 boans
379 1167 627 1213 alternatimque
947 1175 1044 1212 atque
1070 1171 1178 1203 dulcia
1204 1171 1332 1213 clangat

250 1219 365 1259 jubila.
948 1223 1131 1260 pneumata.

170 1286 226 1319 3a.
253 1286 321 1319 Nos
349 1291 411 1330 tua,
441 1286 578 1328 Christe,
603 1288 708 1329 gratia
864 1288 923 1322 3b.
945 1288 1070 1328 Anguis
1096 1288 1226 1320 vincere
1249 1288 1395 1320 machina

170 1355 227 1387 4a.
254 1356 304 1386 Ac
329 1356 472 1386 temnere
497 1355 572 1395 tela,
864 1355 924 1388 412.
946 1355 1013 1395 Quo
1038 1358 1143 1386 tecum
1169 1354 1257 1387 socia

253 1404 323 1435 sola
948 1403 1085 1443 plaudat

251 1453 307 1483 tua
332 1453 481 1491 optantes
947 1451 1016 1491 poli
1041 1453 1173 1483 caterva

254 1497 320 1531 frui
346 1499 459 1540 gloria,
948 1508 1027 1531 voce
1054 1507 1203 1533 consona.

171 1567 229 1599 5a.
257 1566 364 1606 Titan,
391 1570 489 1607 astra,
867 1567 925 1601 510.
949 1569 998 1598 Ac
1020 1565 1183 1607 profunda

252 1614 338 1656 luna,
367 1618 483 1647 cuncta
949 1615 1048 1647 maris
1072 1618 1150 1647 nata

259 1662 357 1695 cosmi
384 1671 510 1704 quoque
537 1664 645 1695 creata
952 1664 1101 1703 aquatica
1125 1663 1279 1695 nonnulla

255 1713 289 1742 te
314 1711 454 1743 adorant
477 1719 537 1751 per
561 1711 670 1743 saecla
952 1715 984 1743 et
1009 1711 1118 1752 abyssi
1144 1719 1255 1752 opaca.

172 1778 229 1811 6a.
255 1778 365 1811 Etiam
387 1779 456 1818 jam
869 1779 927 1814 eb.
952 1779 1011 1819 Qui
1036 1779 1169 1811 lucerna

256 1830 313 1859 tua
336 1827 431 1867 plebs
458 1827 600 1859 celebrat
953 1836 1051 1868 super
1076 1827 1304 1860 candelabrum

257 1875 338 1908 haec
363 1874 448 1908 festa
953 1884 1089 1908 accensa

256 1924 360 1956 sancti
384 1923 511 1964 Aredii,
954 1928 1069 1957 cuncta
1092 1924 1237 1957 illustrat

258 1973 292 2004 in
319 1981 381 2013 qua
406 1974 485 2006 odas
953 1973 1201 2014 circumquaque

258 2021 379 2054 attollit
953 2022 1091 2054 emicans

257 2073 365 2102 mente
391 2070 528 2104 excelsa.
952 2080 1010 2103 sua
1030 2070 1185 2103 doctrina.

175 2138 193 2170 7
201 2147 231 2171 a.
260 2137 326 2171 Ceu
352 2139 401 2171 sol
426 2139 544 2172 lustrat
571 2141 684 2171 cuncta
871 2139 928 2173 7b.
954 2138 1089 2172 Gemina
1114 2143 1283 2179 praestans
1311 2140 1405 2182 dona,

258 2187 346 2220 orbis
371 2188 488 2228 spatia,
954 2188 1063 2220 clausa
1089 2188 1193 2221 ocella

257 2235 306 2268 ita
329 2245 388 2268 sua
412 2235 514 2269 verba
953 2237 1087 2277 propria
1112 2239 1200 2269 tacta
1224 2246 1322 2269 manu

257 2285 412 2317 nonnulla
438 2285 547 2326 corda,
954 2285 1096 2318 reddens
1123 2289 1237 2326 aperta

257 2336 293 2367 ut
317 2337 474 2374 spernant
497 2333 621 2375 probra
644 2334 760 2375 omnia,
954 2334 1146 2375 solvensque
1172 2343 1327 2367 nexorum
1354 2335 1470 2376 vincla,

257 2382 393 2415 tendant,
417 2383 460 2416 ad
484 2382 651 2416 habitacla
955 2385 1071 2415 cuncta
1095 2383 1254 2423 praebens
1281 2388 1399 2424 pacata

258 2430 317 2464 illa
342 2440 491 2472 superna.
957 2431 1077 2465 Christi
1103 2433 1219 2473 gratia.
