1655 2637
681 98 945 133 —105—

565 229 606 261 91.
637 228 673 261 In
694 229 880 261 Inventione
901 237 926 261 s.
949 229 1063 262 Crucis.

635 315 666 348 1.
693 315 826 348 Vexilla
848 315 933 356 regis

146 376 205 408 23.
233 375 401 408 Prodeant
425 380 456 409 et
482 375 585 417 fulget
843 378 903 411 2b.
926 377 993 416 Quo
1021 387 1133 411 earnes
1156 379 1303 412 eonditor

231 424 335 456 crucis
361 425 559 466 mysterium,
926 426 1096 466 suspendit
1120 427 1264 467 patibulo

143 487 204 520 3a.
233 485 368 520 Confixa
393 487 493 520 clavis
520 488 663 529 viscera3
843 487 901 521 3b.
924 487 1170 529 Redemptiom's
1192 489 1297 529 gratia

228 544 352 575 manus,
378 534 525 576 tendens,
551 535 689 575 vestigia
925 534 1090 568 immolata
1115 539 1165 567 est
1187 537 1302 569 hostia.

144 597 204 630 4a.
230 598 299 637 Quo
322 598 512 630 vulneratus
534 598 669 637 insuper
842 597 903 631 41).
923 598 1065 638 impleta
1088 600 1173 638 sunt,
1202 606 1283 637 quae
1309 598 1448 631 concinit

229 653 382 677 mucrone
408 646 499 678 dirae
522 646 663 685 lanceae,
925 644 1034 678 David
1058 643 1149 677 fideli
1175 646 1324 687 carmine,

230 695 266 724 ut
289 700 347 725 nos
372 693 498 725 lavaret
522 692 665 734 crimine,
927 693 1047 735 dicens,
1073 693 1107 724 in
1131 693 1314 726 nationibus

227 740 372 772 manavit
395 740 494 781 unda,
520 740 684 782 sanguine.
923 741 1073 781 regnavit
1096 750 1116 772 a
1138 741 1227 783 ligno
1251 741 1350 776 Deus.

141 803 203 837 52..
231 803 353 836 Ornata
377 803 462 844 regis
488 811 633 843 purpura
842 802 900 835 5b.
925 802 1050 843 Electa,
1077 802 1172 843 digno
1193 803 1305 843 stipite

228 851 326 883 arbor
353 850 471 883 decora
495 849 631 891 fulgida,
928 850 1003 882 dum
1026 854 1138 883 saneta
1158 851 1303 883 membra
1318 854 1474 893 tangeret.

142 913 203 947 63.
229 913 316 945 Dum
341 913 424 945 enim
448 913 588 954 pretium
842 912 900 945 6b.
926 911 1052 945 Fundis
1077 917 1223 946 aromata

226 961 385 1001 pependit
408 961 538 1003 saeculi,
920 960 1065 999 jucunda
1089 959 1207 993 fertilis

227 1011 351 1040 statera
374 1008 461 1040 facta
485 1011 533 1039 est
924 1011 957 1039 et
981 1008 1110 1048 plaudis
1136 1009 1333 1048 triumphum

231 1056 386 1096 corporis.
923 1055 1065 1087 nobilem

226 1104 323 1136 Nunc
347 1104 455 1143 opima
478 1104 626 1136 mansisti
924 1102 1092 1135 Sustinens
1118 1103 1347 1144 gubernantem

224 1150 378 1183 membris
404 1151 525 1184 Christi
549 1150 683 1193 fulgida.
924 1151 1010 1182 celsa
1035 1152 1133 1190 atque
1156 1150 1278 1186 infima.

140 1213 198 1247 ⁴7a.
228 1213 252 1246 O
280 1222 359 1245 crux
383 1213 565 1254 benedicta,
596 1214 631 1245 in
841 1212 899 1245 ¹7b.
921 1212 1030 1253 Atque
1056 1221 1169 1245 cruore
1193 1222 1249 1246 suo

226 1270 289 1302 qua
318 1261 465 1294 Christus
922 1261 1058 1293 vulnera

226 1317 323 1342 carne
346 1309 512 1350 pependit.
922 1311 1035 1341 nostra
1059 1311 1136 1340 tune
1160 1309 1250 1342 lavit.

138 1374 198 1406 83.
226 1372 251 1405 O
277 1381 356 1404 crux
380 1372 576 1411 veneranda,
839 1370 899 1404 8b.
924 1370 948 1403 Ο
976 1380 1056 1404 crux
1084 1372 1235 1412 gloriosa,

224 1429 307 1461 quae
331 1420 402 1452 sola
425 1419 517 1452 fuisti
922 1427 940 1450 o
968 1428 1046 1451 crux
1071 1419 1248 1459 adoranda,

225 1468 322 1509 digna
345 1470 479 1507 portare
503 1476 612 1508 regem
920 1475 939 1498 o
962 1467 1084 1508 lignum
1109 1468 1286 1508 pretiosum

225 1517 386 1550 coelorum
413 1519 445 1548 et
472 1515 644 1548 dominum.
924 1517 957 1546 et
980 1515 1131 1548 mirabile
1155 1516 1289 1557 signum.

224 1565 249 1598 O
278 1574 356 1597 crux
921 1563 986 1596 Per
1011 1564 1097 1604 quod

222 1612 427 1654 splendidior
452 1612 575 1644 eunetis
601 1611 708 1655 astris,
923 1613 1036 1652 anguis
1063 1614 1113 1644 est
1131 1613 1236 1645 vietus
1263 1615 1295 1644 et
1319 1612 1456 1645 mundus

221 1660 336 1694 mundi
362 1659 548 1692 hominibus
924 1660 1122 1703 redemptus,
1147 1661 1210 1692 hoe
1232 1661 1356 1701 signum

222 1710 423 1749 multumque
450 1707 608 1751 amabilis,
923 1708 1097 1748 apparebit
1118 1708 1151 1740 in
1179 1708 1277 1749 coelo,

220 1757 310 1797 Quae
333 1756 491 1796 meruisti,
922 1756 1056 1795 Quando
1081 1755 1238 1789 Dominus

221 1809 355 1846 portare
377 1806 535 1837 talentum
560 1803 691 1844 mundi;
924 1804 967 1836 ad
989 1804 1203 1844 judicandum
1227 1805 1363 1839 venerit.

604 1867 636 1901 9.
662 1866 739 1907 Ipse
765 1866 917 1907 dignetur

662 1915 791 1947 salvare
814 1924 873 1947 nos
899 1923 1008 1948 omnes

662 1972 724 2004 per
748 1963 876 2006 signum
902 1963 1015 1995 erucis.

210 2054 236 2082 B
257 2050 420 2081 f01.174b.
441 2051 521 2079 -F
540 2050 591 2079 fol.
612 2047 685 2078 883.
707 2066 747 2071 —
765 2049 791 2077 P
811 2049 862 2078 fol.
886 2047 957 2079 693.
979 2065 1019 2070 —
1037 2049 1088 2085 23,
1111 2048 1129 2078 2
1152 2052 1247 2079 cineis
1264 2052 1420 2080 arcanaP.
1437 2068 1475 2072 —

132 2093 186 2128 21³,
210 2091 226 2121 1
247 2092 346 2120 earnis
373 2091 406 2119 B
434 2105 473 2111 —-
500 2088 553 2124 212,
574 2088 592 2117 2
612 2089 781 2126 patibulum
800 2089 842 2125 Β,
867 2098 1029 2126 suspensus
1051 2091 1097 2118 est
1115 2091 1238 2118 victima
1257 2090 1293 2118 P
1316 2105 1355 2110 -
1382 2088 1435 2125 31),
1456 2088 1474 2118 2

132 2132 306 2162 immolatm
326 2130 360 2158 P.
381 2145 422 2150 —
441 2128 499 2163 4a,
526 2127 540 2156 1
563 2128 746 2156 Vulneratus
766 2128 889 2164 insuper
909 2130 955 2157 est
973 2129 1006 2157 P.
1029 2145 1067 2149 —
1087 2126 1140 2163 4a,
1163 2127 1182 2156 2
1202 2130 1285 2157 dirae
1298 2130 1372 2158 fehlt
1385 2130 1418 2158 P.
1437 2145 1471 2149 —

132 2171 184 2205 43,
205 2169 226 2199 4
245 2169 403 2207 sanguinis
424 2168 508 2196 unda
524 2168 557 2195 P.
577 2184 617 2188 -—-
635 2165 688 2202 410,
713 2165 728 2194 1
744 2167 811 2203 Imp
812 2166 912 2196 lentur
933 2176 1009 2203 quae
1029 2168 1138 2196 cecinit
1156 2168 1189 2196 P.
1211 2183 1250 2188 -—
1269 2168 1321 2203 4b,
1344 2167 1361 2195 2
1375 2169 1476 2197 David

132 2213 217 2240 vates
239 2209 371 2237 carmine
390 2208 429 2243 Ρ,
451 2208 586 2236 carmina
605 2205 664 2234 BF.
688 2222 727 2226 —
747 2175 811 2241 4b,P
820 2205 841 2233 4
862 2214 952 2243 accep
954 2207 979 2234 it
999 2206 1079 2243 quod
1100 2205 1235 2235 Christus
1257 2211 1362 2245 regnat
1382 2208 1415 2236 P.
1436 2225 1474 2228 —

132 2249 187 2286 53,
207 2247 227 2277 2
246 2248 389 2276 decorata
405 2249 453 2275 est
471 2246 512 2281 Ε,
539 2245 683 2273 decorata
697 2247 729 2272 et.
746 2245 787 2280 Ἐς
816 2244 957 2273 decorata
974 2246 1051 2273 fehlt
1068 2245 1103 2273 Ρ.
1123 2261 1161 2266 --
1189 2245 1242 2281 51),
1266 2244 1281 2274 l
1303 2247 1376 2283 dign
1378 2255 1397 2274 a
1414 2247 1475 2275 BF.

131 2302 170 2308 —
190 2287 245 2323 5b,
267 2285 286 2314 2
307 2286 377 2314 dum
408 2287 513 2314 sancta
537 2286 635 2322 tangit
657 2284 792 2312 membra
809 2283 844 2311 Ρ.
873 2301 911 2305 -
932 2282 1022 2319 6a,1
1045 2285 1120 2313 Cum
1141 2287 1220 2313 enim
1240 2285 1283 2328 D,
1310 2286 1388 2314 Nam
1409 2295 1477 2314 euni

131 2328 260 2365 pretium
281 2326 317 2354 P.
339 2340 380 2344 —
401 2322 452 2360 63,
478 2322 496 2352 3
517 2332 582 2360 sqq.
604 2322 667 2358 ejus
688 2323 820 2360 corporis
840 2325 952 2352 statera
967 2324 1047 2352 faeta
1059 2325 1199 2353 mansisti
1213 2322 1320 2359 opima,
1342 2325 1476 2353 membra

133 2366 245 2395 Christi
264 2372 352 2394 sacra
370 2366 405 2392 tu
425 2363 492 2393 sola
511 2363 582 2391 dum
602 2363 730 2399 portasti
750 2371 823 2390 crux
850 2363 931 2391 alma
955 2363 989 2390 P.
1015 2379 1055 2383 —
1077 2361 1129 2391 6b.
1158 2362 1169 2391 1
1195 2371 1239 2397 sq.
1268 2364 1315 2391 Tu
1341 2367 1476 2393 aromata

123 2405 263 2442 jucunda
284 2412 405 2433 emanas
426 2402 573 2441 plaudens
592 2401 745 2438 triumpho
764 2401 869 2430 nobile
887 2410 940 2439 per
960 2402 1083 2431 saecula
1100 2402 1135 2430 P.
1164 2418 1200 2422 —-
1223 2400 1278 2437 61),
1299 2400 1318 2430 2
1334 2403 1476 2439 jucundis
