1655 2637
699 107 744 112 -—-
795 86 960 122 249-

165 184 210 218 13
221 194 250 218 a.
273 183 364 217 Haec
389 186 484 225 atque
510 184 692 226 Stephanus

272 235 352 272 oret,
378 233 582 266 venerandus

273 281 404 320 athleta,

627 339 684 373 14.
710 339 838 371 Pandat

862 185 944 219 13b.
969 185 1029 225 Qui
1053 185 1264 218 sanctimonia

966 235 1054 265 ‘tenet
1081 233 1232 266 coelestia

967 280 1114 322 trophea.

711 385 839 419 famulis
867 388 977 426 optata

710 444 731 466 a
756 434 883 468 Christo
909 434 1067 474 promissa

713 482 864 515 coelestia

708 530 891 572 praeconia.

240 617 268 644 D
285 616 334 644 fol.
352 614 406 644 147
420 617 448 644 b.
463 631 502 637 -
517 616 543 643 L
563 615 613 644 fol.
633 614 688 644 148
699 625 725 644 a.
746 632 784 636 -
805 614 822 644 3
834 623 859 650 a,
882 614 899 643 5
920 616 972 643 hat
992 617 1057 643 eine
1069 614 1153 643 Silbe
1173 617 1302 652 weniger
1322 615 1367 643 als
1388 612 1442 648 3b,
1462 612 1490 650 5;

165 654 313 692 entweder
338 656 380 683 ist:
403 654 469 683 hier
494 655 583 691 pulsa
612 654 682 682 oder
708 654 775 682 ‹101ss
794 653 948 690 praeclara
967 662 1005 681 zu
1024 653 1144 682 andern.
1165 668 1203 674 —
1223 653 1240 682 5
1252 663 1285 685 a,
1316 651 1334 680 2
1354 653 1407 682 hat
1427 654 1493 681 eine

162 692 246 722 silbe
265 693 457 721 Uberschurs.
477 709 515 714 -—
537 691 588 727 61),
610 690 630 720 4
649 692 812 728 detegendo
832 692 867 719 L.
889 707 925 711 —
949 690 1017 724 111),
1041 691 1056 720 1
1078 692 1220 721 Fervetur
1240 692 1303 720 DL.
1322 706 1360 711 —
1381 689 1417 720 13
1426 700 1451 725 a,
1473 689 1491 720 3

163 733 193 759 et
208 732 307 768 justus
328 732 355 759 D
390 746 426 750 —-
448 730 483 760 13
494 731 522 766 b,
543 729 561 758 2
581 734 685 759 tenens
705 731 740 759 L.
763 748 802 752 —-
823 729 867 765 14,
890 728 907 757 2
928 731 1053 759 famulos
1075 730 1112 758 D.

161 1030 219 1064 2a.

161 1135 219 1168 3a.

162 1338 219 1369 4a.

159 1540 216 1572 5a.

159 1694 216 1728 6a.

157 1944 214 1978 va.

156 2100 212 2135 8a.

545 842 614 874 228.
655 842 691 874 In
711 841 915 875 Dedicatione
936 842 1107 875 Ecclesiae.

625 925 657 958 1.
684 923 789 956 Adest
811 922 896 955 festa

687 973 798 1004 domus
826 971 985 1010 dedicata,

859 1027 918 1062 2b.
944 1029 1013 1066 Qua
1037 1028 1176 1068 populus

245 1030 399 1062 Annuata

246 1077 433 1110 solemnitas
459 1076 538 1109 orbe
565 1077 725 1117 decorata,

245 1134 457 1168 Immaculata
482 1133 658 1167 offeruntur

245 1183 364 1214 etenim

245 1233 359 1263 sancta
382 1232 479 1271 atque

241 1280 331 1319 justa
354 1278 520 1319 libamina,

246 1336 417 1369 Structura

243 1394 284 1417 ex
308 1384 473 1425 lapidibus
497 1384 650 1426 pretiosis

244 1433 431 1473 angelorum
456 1442 581 1474 quoque

245 1481 406 1514 custodia:

243 1537 334 1571 Haec
359 1540 408 1571 est
432 1538 490 1571 illa
514 1540 646 1571 aeterna

240 1587 304 1620 Dei
329 1586 513 1619 habitacula

245 1634 429 1676 splendida,

244 1692 334 1726 Visio
359 1692 449 1733 pacis

240 1740 456 1783 Hierusalem,

243 1789 427 1830 habensque
454 1789 633 1822 claritatem

241 1837 316 1877 Dei,
339 1837 483 1878 pretioso

241 1886 355 1918 similis
380 1886 485 1926 lapidi

240 1945 320 1977 Tres
344 1944 461 1985 januae

241 1986 397 2037 ἀνατολῇ,

239 2044 349 2075 austro
374 2041 525 2082 idemque
550 2039 674 2080 similis2

239 2100 285 2133 Et
308 2108 438 2132 mensus
464 2100 514 2132 est

238 2151 307 2192 ejus
331 2157 440 2181 muros

237 2197 426 2238 aequaliter,
455 2198 581 2229 centum

239 2245 456 2289 quadraginta

238 2298 375 2338 quatuor
401 2294 584 2328 cubitorum

237 2344 378 2379 omnium
401 2352 553 2377 mensura
575 2352 700 2384 magna,

234 2402 315 2435 quae
341 2396 391 2426 est
414 2392 531 2435 angeli.

857 1133 917 1166 3b.

853 1334 913 1369 4b.

855 1536 913 1570 5b.

853 1691 912 1726 6b.

852 1941 910 1975 7b.

850 2097 908 2134 8b.

941 1074 1011 1108 Deo
1037 1075 1156 1108 obtulit
1180 1085 1313 1109 munera
1338 1086 1439 1110 sacra.

940 1133 1110 1174 Exemplis
1136 1133 1381 1175 archisynagogi

941 1181 1040 1222 periti

937 1229 1138 1262 celebrarent

939 1279 972 1310 et
995 1278 1239 1319 scaenepaegia.

940 1334 1135 1376 smaragdus

936 1385 968 1415 et
993 1383 1254 1424 chrysoprassus,
1281 1384 1472 1416 adamantus

935 1433 1031 1471 atque
1057 1431 1268 1464 carbunculus

939 1482 971 1512 et
994 1480 1164 1520 saphyrus,

939 1536 1115 1580 Gemmata,
1141 1535 1285 1569 clariflua

937 1595 977 1617 ex
1002 1585 1150 1625 vivisque
1174 1585 1300 1617 saxibus

938 1636 970 1666 et
995 1636 1168 1667 exstructa.

933 1691 1110 1732 Tamquam
1135 1690 1289 1730 Jaspidis,

935 1739 1020 1772 sicut
1045 1738 1257 1779 chrystallum

936 1788 1093 1828 optimum
1117 1796 1244 1819 murum
1268 1796 1419 1829 magnum

936 1839 1033 1877 atque
1057 1836 1155 1869 altum
1182 1835 1306 1868 habens

934 1885 1101 1917 introitum
1127 1885 1205 1924 ejus.

932 1942 1094 1982 Aquilone

937 1993 970 2023 et
994 2000 1110 2024 occasu

934 2039 1047 2072 similis
1074 2039 1238 2080 ingressus
1268 2041 1347 2081 ejus,

932 2099 1011 2139 Ipsa
1036 2106 1112 2130 vero

934 2156 1012 2179 auro
1037 2147 1156 2179 mundo

934 2195 1046 2228 civitas
1074 2198 1197 2234 ornata,

933 2246 981 2277 est
1000 2243 1106 2276 simile

929 2294 1015 2326 vitro
1039 2301 1132 2334 puro,
1157 2293 1253 2333 muri,

933 2341 1073 2375 civitatis
1099 2340 1311 2375 fundamenta

932 2400 971 2423 ex
996 2390 1047 2423 his
1071 2390 1205 2431 lapidis.
