1655 2637
861 194 920 228 510.
942 194 1101 227 Miserere
1125 192 1186 226 tibi
1207 193 1295 233 juste

942 244 1192 283 supplicantum,

944 291 1064 331 adJ‘uva
1087 299 1173 322 nuno
1196 289 1295 331 ipsos,

944 348 1022 379 quos
1047 341 1083 369 tu
1107 338 1284 371 redemisti.

861 396 919 430 ssb.
942 396 989 428 Et
1011 395 1181 435 imperium

944 453 1072 485 semper
1096 444 1130 476 in
1155 443 1285 476 saecula

948 491 1159 525 saeculorum.

161 194 217 226 5a.
246 192 386 234 Christe,
414 193 469 234 qui
495 192 633 227 famulos
658 198 731 226 tuos

248 241 436 283 consolaris,

245 289 299 330 qui
324 298 416 330 spem
440 290 630 333 promisisti,

243 340 280 369 ut
304 338 398 379 polos
423 339 627 382 scanderent,

160 396 217 429 63.
243 395 332 438 Tibi,
356 395 506 437 Domine,

242 447 355 484 pastor
380 443 474 485 bone,
503 444 596 477 decet

242 492 313 525 laus
338 491 505 532 honorque

235 558 260 586 B
285 557 336 586 fol.
366 556 422 586 182
447 558 475 586 b.
502 574 540 579 —
566 556 619 593 21),
643 557 658 586 1
681 558 763 592 Quos
788 567 821 587 se
848 567 936 587 verus
961 567 1057 595 gegen
1083 557 1232 586 Versmass
1260 556 1322 585 und
1352 557 1435 585 Sinn.
1456 571 1496 576 —

157 594 209 631 33,
232 594 247 624 1
274 605 339 625 esse
360 598 396 624 ut
415 597 483 632 sint,
506 598 588 624 eines
608 606 669 625 von
688 597 797 625 beiden
816 597 858 625 ist
877 607 915 625 zu
933 597 1003 625 viel.
1026 611 1062 616 —-
1083 594 1135 632 4a,
1157 595 1176 624 4
1195 597 1228 623 in
1247 596 1319 632 poli.
1340 612 1378 616 —
1399 595 1452 631 5b,
1475 592 1492 622 1

157 636 213 663 tui.
233 650 273 654 —
294 635 346 671 5b,
366 633 386 662 2
409 635 659 671 suppiieantibus.
679 651 719 656 -—
737 635 789 672 63,
810 633 828 663 3
846 636 915 664 laus
933 635 1038 664 honor.

593 737 642 769 63.
683 737 718 769 In
738 738 983 770 Resurrectione
1004 738 1062 770 DN.

649 811 680 844 1.
709 809 861 843 Gaudens
887 812 991 842 mater

704 867 810 899 pange
834 858 948 890 laudes

708 905 854 945 ecclesia,

183 963 241 996 2a,
269 962 351 1002 Quia
375 963 517 995 surrexit
541 962 695 1002 salvator,
880 962 941 995 21),
965 961 1062 1002 Cujus
1089 962 1158 994 dies
1182 961 1351 1001 hodierna,

183 1021 240 1054 3a.
267 1020 314 1053 Et
338 1021 387 1052 sol
412 1022 488 1060 post
512 1019 663 1052 tenebras
881 1020 940 1054 3b‚
963 1019 1060 1052 Diem
1084 1019 1233 1052 irradiat.

181 1078 240 1111 4a.
267 1077 323 1110 Sic
346 1077 494 1110 Christus
520 1079 596 1117 post
618 1079 746 1110 tartara
879 1077 940 1111 4b.
963 1078 1011 1110 Te
1036 1085 1168 1117 surgens
1194 1076 1365 1111 illuminat.

181 1135 240 1169 5a.
267 1135 293 1168 O
318 1134 403 1166 mira
426 1133 491 1166 Dei
882 1134 942 1169 5b,
965 1133 1100 1168 Confers
1128 1134 1244 1166 creatis

269 1182 451 1222 clementia,
479 1191 561 1222 quae
964 1182 1186 1215 indesinenter

263 1232 355 1263 tanta
380 1229 493 1263 habita
961 1229 1127 1263 beneficia.

182 1290 239 1322 6a.
267 1288 292 1321 O
319 1288 406 1319 salus
432 1290 593 1328 perpetua
617 1290 684 1320 tam
879 1288 941 1321 6b.
966 1289 1075 1320 Morte
1099 1290 1249 1328 potenter
1276 1287 1405 1320 devicta

181 1346 239 1380 7a.
265 1346 402 1386 Largita
419 1354 501 1386 quae
526 1345 664 1386 benigne
682 1345 792 1378 vitam.
879 1345 937 1377 7b.
958 1345 1011 1377 En
1038 1345 1180 1377 canimus
1205 1345 1294 1385 pium
1319 1345 1458 1378 Pascha.

180 1405 239 1437 8a.
265 1403 408 1444 Etenim,
436 1411 476 1436 ex
879 1404 940 1436 8b.
965 1403 1083 1436 Clausa
1107 1401 1179 1444 fuit,

263 1461 325 1493 quo
351 1452 460 1484 amisit
960 1460 1062 1491 usque
1087 1452 1142 1482 tuo

263 1500 372 1533 Adam
395 1500 508 1532 volens
530 1499 642 1540 vitam,
960 1499 1116 1540 sanguine
1139 1499 1328 1539 rompheam

181 1559 237 1591 93.
264 1556 413 1589 Stinxisti
879 1556 940 1592 9b.
963 1556 1064 1596 Quam
1088 1556 1182 1589 nobis

262 1605 297 1636 in
323 1612 419 1637 cruce
443 1603 525 1638 fixus
549 1604 701 1645 idemque
958 1605 1031 1645 ipse
1055 1605 1224 1646 possidere
1248 1608 1390 1647 praesta,

266 1653 307 1685 de
323 1656 428 1685 morte
442 1652 604 1685 transiens
622 1653 664 1685 ad
682 1652 791 1685 vitam.
960 1656 996 1685 tu
1022 1662 1055 1685 es
1080 1653 1164 1685 enim
1190 1654 1329 1686 omnium
1354 1654 1435 1688 vita.

154 1713 239 1746 103.
265 1710 345 1743 Dies
371 1709 453 1742 haec
477 1708 562 1742 festa
853 1710 937 1743 10b.
962 1711 1010 1743 Te
1034 1712 1223 1752 resurgente

265 1758 413 1792 omnibus
441 1758 579 1798 expietis
962 1759 1023 1791 tibi
1047 1759 1207 1798 dedicata,

263 1808 352 1840 laeta
374 1806 436 1839 tibi
460 1815 538 1838 vere
962 1808 1016 1847 qui
1041 1817 1061 1840 3
1084 1810 1189 1840 morte
1213 1808 1368 1840 mundum

263 1856 360 1889 debet
386 1863 457 1888 esse
481 1856 586 1894 unica,
959 1855 1119 1889 reduxisti
1144 1856 1188 1888 ad
1213 1856 1322 1888 vitam.

153 1914 237 1948 113.
263 1913 403 1954 Largire
427 1915 464 1945 tu
487 1912 582 1945 nobis
856 1913 938 1947 11b.
960 1913 1117 1947 Paradiso
1140 1913 1250 1954 reduc,

264 1963 404 1994 clemens
430 1961 517 1995 vitae
541 1961 669 2003 gaudia,

960 1971 1024 2003 qua
1046 1962 1209 1996 valeamus
1234 1965 1386 1996 nectarea

563 2019 619 2053 12.
647 2019 723 2053 Tibi
748 2019 876 2053 referre
899 2021 1025 2054 cantica

648 2071 680 2100 et
702 2077 900 2111 concrepare
924 2069 1079 2110 Alleluja.

228 2136 254 2164 B
283 2136 335 2165 fol,
365 2133 422 2164 184
441 2144 468 2164 a.
496 2150 534 2155 —
561 2134 589 2164 E
613 2136 663 2164 fol.
685 2133 743 2165 310
764 2136 792 2164 b.
820 2152 861 2157 —
889 2136 946 2165 Cfr.
968 2136 1057 2165 Grad.
1080 2137 1241 2165 Nivemen.
1263 2145 1339 2166 saec.
1363 2135 1396 2165 11
1421 2136 1493 2166 Ood.

148 2176 296 2204 Parisien.
318 2173 394 2204 9449
409 2177 446 2203 Σ.
466 2191 507 2195 -
528 2173 552 2209 1,
574 2172 592 2202 3
613 2174 703 2204 laude
716 2175 822 2204 sedula
834 2175 896 2203 BE.
918 2191 956 2196 ——
976 2174 1029 2211 3b‚
1055 2175 1068 2204 1
1091 2176 1180 2204 Diem
1193 2176 1268 2204 fehlt
1284 2178 1321 2204 Σ,
1342 2191 1380 2195 -
1400 2176 1454 2211 413,
1475 2174 1491 2204 1

148 2223 306 2251 resurgens
325 2214 415 2244 ΒΕΣ.
440 2228 479 2234 -
501 2212 559 2247 53,
590 2211 608 2240 2
628 2215 765 2251 potentia
783 2216 820 2242 Σ.
843 2229 879 2233 -
901 2213 957 2250 63,
988 2214 1002 2243 1
1024 2217 1170 2252 perpetua
1184 2214 1248 2252 jam
1268 2216 1302 2244 B.
1330 2230 1366 2234 —
1394 2215 1450 2250 71),
1476 2214 1491 2243 1

151 2254 306 2282 exanimus
321 2253 363 2288 Β,
392 2254 517 2282 caninus
541 2253 607 2281 ΕΣ.
633 2268 673 2273 —
693 2250 752 2288 83,
779 2251 798 2281 2
823 2253 921 2282 Adam
947 2254 1052 2283 volens
1084 2255 1187 2282 amisit
1210 2254 1302 2283 ΒΕΣ.
1328 2269 1367 2273 —-
1400 2253 1453 2289 870,
1476 2253 1492 2282 1

151 2292 250 2322 Causa
269 2293 328 2322 fuit
347 2293 380 2321 B.
403 2309 442 2314 —-
464 2293 515 2327 8b,
538 2290 556 2321 3
577 2293 722 2330 romphea
740 2294 777 2320 Σ.
798 2309 837 2313 -
856 2291 908 2331 93,
932 2293 946 2322 1
964 2292 1083 2322 Stixisti
1102 2294 1142 2330 Β,
1163 2295 1283 2322 tinxisti
1304 2295 1348 2327 Σ;
1370 2294 1495 2323 sanxisti

148 2332 191 2369 Ε,
213 2332 266 2360 das
284 2332 480 2368 „flammende
500 2330 650 2360 Sehwert“
674 2331 792 2361 erlaubt
811 2331 865 2360 das
885 2333 1067 2370 gebrauchte
1088 2333 1164 2361 Bild.
1185 2348 1225 2353 -—
1244 2331 1294 2369 93,
1316 2331 1335 2362 3
1358 2334 1494 2362 transisti

148 2373 185 2399 Σ.
206 2387 248 2392 —-
268 2370 339 2406 103,
359 2369 379 2399 2
400 2379 528 2409 expreee
549 2370 612 2400 BE..
634 2386 671 2390 —
692 2369 763 2407 iob,
786 2369 802 2400 1
823 2372 869 2400 Te
884 2373 959 2401 femi:
971 2372 1005 2400 Β.
1027 2388 1067 2392 -
1087 2371 1159 2409 113,
1180 2371 1200 2401 2
1213 2374 1278 2401 vita
1290 2374 1324 2402 B.
1346 2373 1497 2402 —Keine

148 2411 201 2439 der
214 2411 278 2440 drei
291 2410 527 2440 Handsohriften
548 2412 642 2440 bietet
661 2420 699 2439 zu
719 2411 831 2440 diesem
845 2411 939 2441 Liede
958 2412 1007 2440 die
1026 2411 1166 2441 Melodie.
