1655 2637
740 138 1001 173 *222—

204 234 339 263 Ebensoz
369 235 452 262 Miss.
478 242 531 262 ms.
561 234 779 262 Sarisberiense
806 242 882 262 saec.
905 231 950 262 15.
979 233 1049 262 Cori.
1071 233 1143 261 bibl.
1168 233 1336 261 Rossianae
1355 242 1378 261 s.
1400 234 1476 269 sign.
1497 247 1536 253 —

206 273 291 301 Miss.
312 281 365 301 ms.
389 273 557 301 Oxoniense
579 273 649 300 anni
671 270 747 301 1394
766 272 850 300 ebm.
864 273 1020 301 Monacen.
1041 270 1108 300 705.
1131 285 1166 291 -
1185 271 1271 299 Miss.
1284 270 1451 299 Hafniense
1464 272 1535 308 imp.

204 311 334 340 Hafim'ae
355 310 437 339 1510.
457 325 496 330 —-
516 309 568 346 2a,
590 311 609 338 4
629 313 729 339 omnia
744 311 777 345 Q.
798 327 836 332 —
856 309 910 346 31),
933 309 951 339 3
967 311 1096 347 digniter
1108 310 1142 343 Ξ.
1165 325 1202 329 -
1225 309 1278 344 51),
1300 307 1319 336 2
1339 319 1412 338 vera
1424 310 1537 347 gaudia

204 349 245 378 Ω.
265 365 302 370 —-—
323 350 375 384 7b,
398 348 416 377 2
436 351 468 377 in
489 349 563 377 fehlt
581 348 646 380 ΞΩ,
670 366 706 370 -
727 349 778 385 712,
800 347 819 377 3
840 350 990 378 dexteram
1003 348 1038 381 Ξ.
1058 364 1098 368 -
1117 347 1169 384 8a,
1193 347 1207 377 1
1232 350 1306 377 Cum
1326 348 1382 377 hoc
1402 348 1536 377 audisset

204 388 248 417 Ω.
274 405 312 409 —-
340 385 393 423 8b,
416 386 433 417 3
461 396 552 417 ovans
573 388 613 423 1³3
640 391 705 416 orat
724 387 758 421 Ξ,
784 403 822 408 -
849 387 899 423 8Ῑ),
922 387 940 416 6
960 389 1078 425 suscipe
1099 388 1136 415 Ω.
1159 402 1195 408 ——
1213 386 1266 422 9b,
1291 386 1305 416 1
1329 388 1427 422 Quare
1446 388 1533 416 nohis

210 428 247 463 Ως
269 427 293 455 O
315 436 384 456 vere
403 428 490 456 nobis
510 427 543 454 P.
564 442 603 446 -—
624 424 676 460 9b,
699 425 719 455 4
737 429 836 464 gratia
853 427 964 464 gaudia
986 427 1025 455 Ω.

231 737 286 768 2a.

233 947 289 979 ea.

231 1203 288 1235 4a.

232 1461 287 1493 5a.

230 1852 285 1884 6a.

233 2063 287 2095 va.

232 2321 288 2354 8a.

578 539 649 572 202.
683 539 718 571 ln
737 539 923 572 inventione
943 547 968 571 s.
992 538 1154 580 Stephani.

665 622 695 654 1.
723 620 824 653 Nobis
849 630 955 654 annua

723 668 878 701 basilicae
901 668 995 709 hujus
1020 667 1104 701 festa

313 736 426 768 Laude
453 736 550 776 digna

314 783 429 816 festive
453 784 624 817 recolendo

315 840 542 872 concrepemus

313 880 466 919 organica
488 888 580 912 sacra
604 880 738 920 laetitia,

315 946 388 978 Hac
408 946 443 977 in
467 945 519 978 die

316 992 546 1026 sanctificando
571 994 644 1034 ipsa

313 1041 382 1073 Deo
410 1041 572 1074 domicilia

314 1088 473 1121 idolorum

317 1137 473 1169 diruendo
498 1135 645 1176 profana.

314 1204 400 1236 Hinc
426 1204 456 1235 ei
478 1205 612 1244 propria

317 1251 491 1290 Aquitania

313 1301 350 1330 ut
372 1307 486 1339 magno
507 1302 643 1338 patrono

313 1347 429 1378 devote
453 1346 575 1378 exultat

313 1392 378 1426 fide
404 1394 501 1428 clara.

313 1460 441 1493 Lavans
466 1460 554 1493 unda

315 1516 408 1548 quam
433 1509 467 1539 in
488 1517 582 1541 rosea

313 1556 375 1596 via,
401 1556 466 1595 lux,
493 1557 611 1590 veritas

312 1612 439 1643 paxque
463 1607 589 1636 tuorum

313 1651 418 1683 omnia
440 1661 500 1691 per
521 1655 667 1694 tempora

311 1699 343 1730 in
370 1707 464 1731 cruce

310 1747 498 1787 triumphali
521 1757 621 1789 supra
643 1750 735 1783 vehis

312 1804 426 1827 omma.

314 1852 372 1885 Cui
398 1861 528 1894 compar

314 1900 436 1933 athleta

312 1948 442 1981 levitica
466 1951 712 1991 protomartyris

311 1994 457 2028 flavescit
480 1998 572 2031 stola.

315 2062 461 2103 Namque
484 2066 651 2105 praecelsa
672 2066 707 2098 in
732 2076 789 2100 sua

316 2119 432 2142 corona
456 2112 520 2144 ista

313 2160 425 2190 sancta
450 2160 565 2200 templi
590 2161 665 2194 aula

314 2208 419 2238 exstat

311 2253 480 2294 insigniter
506 2261 623 2292 erecta.

313 2321 364 2353 Ac
389 2319 487 2354 facies
513 2324 658 2364 angelica

312 2374 457 2402 reserata

314 2420 547 2459 contemplatur
571 2421 713 2462 aethera,

896 735 955 769 2b.

895 946 955 980 3b.

895 1204 954 1238 4b.

895 1463 954 1497 5b.

893 1856 952 1892 610.

898 2069 956 2103 710.

899 2327 956 2362 8³0.

978 736 1140 769 Martialis

979 784 1065 824 quod
1090 784 1232 817 sacravit
1258 784 1342 816 hanc
1367 785 1473 816 aulam

979 833 1153 873 apostolus,

977 879 1108 912 radians
1130 883 1229 921 terra,
1257 879 1333 921 polo
1352 879 1514 920 lampada,

979 946 1040 987 Qui
1064 950 1192 980 sacrata

979 996 1033 1027 hic
1057 995 1179 1035 primus
1207 994 1362 1027 cathedra

979 1043 1101 1075 resedit
1128 1043 1359 1083 discipulorum

980 1090 1099 1123 Christi
1124 1100 1257 1131 magnus

980 1141 1010 1170 et
1036 1138 1241 1179 praepollens
1267 1138 1400 1179 collega.

978 1205 1047 1244 Qua
1068 1206 1187 1245 jubilat
1211 1206 1349 1245 pulchra

975 1253 1064 1294 regia
1088 1262 1208 1293 sponsa

980 1301 1125 1341 ecclesia,
1154 1304 1281 1341 compta

977 1348 1236 1381 immarcessibili

978 1397 1011 1429 in
1037 1397 1150 1437 gloria.

978 1463 1074 1497 Unde
1099 1464 1169 1504 tibi,

977 1512 1075 1554 Deus,
1105 1512 1213 1544 dicata

975 1568 1089 1600 preces
1116 1564 1148 1592 et
1172 1568 1306 1592 munera

974 1608 1036 1640 hac
1063 1607 1155 1640 domo
1181 1616 1275 1640 sacra

976 1655 1105 1695 suscipe
1129 1665 1189 1696 per
1214 1656 1344 1688 saecula

976 1703 1093 1736 merita

975 1755 1110 1793 propter
1137 1753 1226 1785 clara
1248 1752 1412 1786 Martialis

977 1803 1009 1831 et
1033 1809 1157 1841 magna.

974 1858 1061 1899 Ergo
1088 1859 1143 1898 pia

978 1905 1177 1947 Stephanum

976 1955 1177 1994 proclament
1185 1957 1322 1997 agmina,
1331 1955 1531 1998 Stephanum

975 2007 1152 2043 personent
1177 2007 1295 2037 cuncta

982 2069 1060 2102 Cum
1087 2071 1155 2110 ejus
1182 2069 1309 2112 fulgida
1333 2072 1442 2106 cluant

980 2120 1165 2151 sanctorum
1190 2122 1282 2160 gesta

979 2166 1169 2199 meritorum
1192 2168 1292 2208 plura

981 2223 1105 2246 summa

979 2262 1064 2294 inter
1089 2264 1275 2303 apostolica.

981 2329 1110 2362 Prolem
1133 2332 1190 2364 ubi
1214 2332 1423 2374 verbigenaln

980 2380 1118 2411 stantem
1142 2383 1302 2413 monstrat

980 2426 1015 2458 in
1036 2427 1278 2468 omnipotentia.
