1655 2637
195 198 239 232 11
250 208 278 231 a.
307 198 482 240 Surgentes
507 201 675 241 lampades
893 200 977 234 111).
1000 201 1161 234 lntremus
1189 210 1259 233 cum
1285 210 1321 233 eo

304 256 454 280 ornemus
479 249 629 290 proprias
999 249 1094 281 simul
1118 249 1161 281 ad
1185 249 1314 289 nuptias

305 298 338 328 et
361 297 505 329 venienti
1000 300 1032 329 et
1057 297 1302 338 discumbamus,

306 340 445 390 [cuncti]
473 354 678 378 occurramus
998 354 1059 386 quo
1085 344 1268 378 reficiamur

308 402 426 433 sponso
454 402 525 426 cum
550 393 685 426 laetitia.
998 394 1104 426 cuncti
1131 394 1214 434 dape
1238 394 1337 434 regia.

197 450 277 484 12a.
304 451 381 491 Ipse
405 453 513 483 autem
538 450 698 484 transiens
890 451 936 485 12
949 450 982 484 b.
1005 450 1109 491 Hujus
1134 451 1253 483 laetam
1278 449 1390 482 faciem

303 499 466 530 ministret
488 498 582 531 nobis
608 499 694 531 bona
1000 508 1165 530 cernamus
1192 499 1307 538 cuncti,
1333 499 1431 538 plena

303 555 362 579 rex
385 547 647 580 inaestimabilia.
1001 547 1067 579 sint
1099 549 1176 578 tunc
1200 548 1237 578 ut
1259 549 1371 579 nostra
1394 546 1522 587 gaudia.

195 605 275 639 issa.
303 604 361 638 Cui
390 604 533 636 dicamus
890 603 973 638 13b.
998 604 1073 636 Tibi
1099 612 1169 635 cum
1193 607 1287 643 patre

302 661 389 684 nune
413 661 493 684 voce
520 660 677 684 consona:
999 654 1032 683 et
1057 654 1167 684 sancto
1193 651 1311 692 spiritu

304 708 379 732 ecce
401 700 469 740 jam
996 700 1039 732 sit
1063 708 1190 739 semper

303 749 413 788 dones,
441 748 527 789 quod
549 748 744 788 promiseras
1000 751 1030 780 et
1055 748 1174 788 ubique
1199 747 1304 788 gloria

303 793 392 840 (cum
416 799 450 828 te
472 794 634 841 videmus)
660 796 693 828 in
713 796 827 837 gloria.
1001 796 1206 837 sempiterna.

268 878 294 906 F
315 877 366 906 fol.
387 875 459 906 911).
481 891 517 896 -
536 875 596 911 31),
623 875 641 904 2
665 879 777 905 saneta.
799 891 838 896 —-—
858 875 916 912 4a,
939 875 958 905 4
977 877 1153 913 percipiunt.
1175 891 1211 895 —
1233 874 1284 911 61),
1306 875 1324 905 5
1339 877 1467 904 aethera.
1484 893 1522 897 —

191 915 250 951 7a,
277 913 295 944 3
329 916 366 944 ad
386 924 503 952 supera.
523 930 560 935 -κ
583 914 638 950 81),
668 914 688 943 4
708 916 756 943 die
775 915 812 943 de
830 915 894 943 illa.
914 930 953 935 —
975 913 1051 951 1212,
1078 913 1093 942 1
1114 915 1196 943 laeta
1217 915 1317 943 facies.
1338 931 1375 934 —
1397 913 1475 950 131),
1505 914 1522 944 5

190 954 253 982 Auf
278 955 345 983 dem
365 952 486 983 Schluss
512 963 530 982 a
557 963 618 982 von
642 955 822 990 sempiterna
841 954 1011 982 Jubilation
1038 962 1099 981 von
1118 953 1135 981 5
1156 954 1268 987 Noten,
1292 954 1399 989 gerade
1427 954 1523 982 soviel

191 993 236 1021 als
259 991 295 1022 13
305 1002 337 1028 a,
369 992 387 1021 5
409 992 513 1021 Silben
532 993 615 1020 mehr
634 993 694 1020 hat.
733 992 893 1020 Entweder
921 993 963 1020 ist
981 994 1014 1020 in
1035 989 1100 1020 131.)
1122 993 1187 1020 eine
1206 991 1321 1026 Lucke,
1351 993 1433 1028 oder,
1459 1000 1521 1020 was

189 1031 242 1059 der
261 1031 520 1068 Zusammenhang
538 1031 615 1059 nahe
634 1031 704 1067 legt,
726 1030 774 1058 die
792 1031 946 1058 Klammer
966 1032 999 1058 111
1019 1028 1083 1058 13a
1104 1032 1144 1058 ist
1164 1032 1230 1059 eine
1247 1029 1473 1068 Inter-polution.

651 1153 698 1184 75.
737 1152 773 1184 In
793 1152 982 1184 Ascensione
1001 1151 1059 1183 DN.

727 1234 757 1267 1.
784 1233 897 1275 Agnus
922 1233 995 1274 Dei,

187 1292 244 1324 2a.
274 1291 421 1324 Christus
446 1299 516 1332 rex,
543 1290 641 1323 hodie
886 1290 944 1323 21).
968 1290 1086 1322 Tutela
1109 1291 1199 1323 venit
1221 1292 1255 1324 in

271 1348 332 1380 pro
358 1341 472 1371 nostra
968 1339 1107 1372 saecula.

186 1397 243 1431 Sa.
270 1395 423 1428 Divinam
449 1397 529 1429 dans
884 1395 943 1429 3b.
970 1396 1069 1430 Unde
1092 1397 1231 1437 primum

270 1444 363 1477 nobis
390 1445 528 1486 gratiam
968 1444 1091 1476 decidit
1115 1454 1214 1486 genus

271 1495 304 1524 et
327 1493 480 1533 provehit
505 1493 547 1525 ad
572 1493 723 1536 patriam,
965 1492 1138 1525 humanum
1162 1502 1222 1534 per
1245 1494 1446 1535 superbiam.

185 1552 243 1584 4a.
270 1549 403 1582 Fraude
428 1549 533 1583 factor
559 1550 734 1583 condolens
881 1550 941 1583 4b.
965 1550 1132 1591 Serpentis
1158 1551 1304 1593 saevitia,

270 1599 476 1640 protoplasti,
964 1599 1130 1631 mulierem

270 1646 419 1679 condidit
444 1655 548 1686 quem,
964 1646 1188 1680 blandimenta

269 1694 372 1727 hostis
400 1694 524 1735 expulit
548 1694 701 1735 paradiso
964 1696 1123 1736 gustando
1148 1696 1250 1729 vetita
1276 1696 1369 1729 duxit

268 1743 312 1776 ad
336 1743 498 1775 laetitiam
521 1751 671 1783 magnam
964 1743 1006 1775 ad
1030 1752 1167 1785 poenam
1191 1745 1390 1778 tartaricam.

183 1802 239 1835 5a.
266 1801 291 1834 Ο
318 1803 354 1832 tu
379 1800 480 1841 Deus,
509 1800 648 1832 sublima
883 1801 941 1835 51).
964 1801 1060 1834 Mare
1085 1804 1242 1843 cunctum,
1270 1803 1380 1836 sidera

267 1849 322 1890 qui
347 1849 432 1890 regis
459 1851 557 1890 atque
581 1848 656 1889 ima,
965 1859 1090 1892 quoque
1112 1850 1298 1892 rutilantia3

182 1909 238 1941 6a.
267 1906 399 1948 Cuncta,
427 1915 508 1948 quae
881 1908 939 1942 6b.
962 1908 1113 1941 Mortalis

267 1954 384 1997 fecisti,
411 1956 549 1988 laudant
572 1957 607 1987 te
962 1957 1057 1989 homo
1082 1957 1254 1999 acquisivit

263 2005 370 2037 omnia
961 2005 995 2037 in
1020 2015 1108 2039 arva.

180 2064 239 2096 7a.
266 2062 426 2104 Angelica
879 2064 937 2097 71).
961 2064 1006 2097 Et
1030 2064 1065 2096 in
1089 2067 1178 2097 terra
1202 2075 1327 2098 summa

258 2111 380 2152 J'ubilat
643 2145 649 2157 s
828 2142 845 2156 „e
961 2122 1027 2154 pax
1051 2113 1201 2146 voluntas
1227 2114 1320 2148 bona.

261 2160 397 2192 militia:
683 2161 699 2178 *
730 2191 746 2209 *
779 2161 795 2179 ’¹‘
834 2154 838 2160 ’
962 2200 988 2233 P
1029 2200 1059 2232 d.

261 2246 374 2280 Gloria
397 2249 529 2279 resonet
681 2220 697 2237 ,Β
779 2222 795 2239 *
827 2240 844 2258 *
962 2203 1134 2290 hgllniztggl’

257 2296 292 2329 in
319 2296 455 2329 excelsis
478 2296 549 2329 Deo
961 2307 1055 2339 quem
1080 2297 1214 2341 fecerat,

174 2357 232 2390 8a.
258 2354 359 2388 Venit
879 2356 937 2391 81).
962 2357 1072 2399 Ovem,

257 2412 413 2445 quaerere
439 2407 472 2437 et
496 2405 624 2438 salvare
647 2415 735 2447 una,
962 2415 1044 2447 quae
1069 2409 1246 2449 erraverat,
1274 2407 1479 2440 centesimam
