1655 2637
229 216 297 250 13a

229 514 310 548 i4a.

227 668 307 703 15a.

223 1308 282 1340 2a.

224 1460 281 1494 Sa.

221 1662 277 1695 4a.

222 1863 278 1896 5a.

221 2015 275 2050 62.

220 2268 278 2301 7a.

759 118 1018 155 -188—

301 241 307 248 .
334 207 431 257 Cu'jus
456 226 552 257 prece
576 218 722 257 placatus
747 217 810 258 pia,

335 264 408 296 Lux
435 265 659 305 apostolomm‚

333 322 398 353 pax
423 322 509 357 vera,

335 361 375 393 da
400 361 492 394 nobis
516 361 747 402 indulgentiam

333 409 494 442 Relaxans
530 412 640 442 nostra
680 413 792 443 cuneta

596 458 726 497 probra.

336 515 434 555 Quem
461 514 566 548 Gallia

333 572 489 595 summum
513 566 624 603 poscat

332 613 455 651 patrem
482 612 639 650 universa,

332 725 389 748 sua
413 716 579 748 benedixit

331 763 402 803 ipsa
430 763 571 802 dextera,

917 217 987 251 13b

916 515 996 549 141).

335 668 433 707 Quem
442 669 599 700 scandens
608 668 753 701 Christus
767 671 855 701 astra
915 668 932 700 1
939 670 957 701 5
964 668 997 702 b.

992 245 999 252 .
1023 216 1140 249 Proeul
1153 217 1278 256 pellens
1290 218 1406 249 cuncta
1413 216 1553 248 adversa

1023 264 1172 297 Concede
1196 267 1379 304 temporum

1022 322 1135 353 pacem
1157 313 1286 352 laetam,

1020 363 1151 401 praesta
1175 365 1339 393 aeternam
1363 360 1513 400 patriam,

1020 410 1089 449 Qua
1105 408 1268 443 Martialis
1293 412 1399 441 tecum
1424 409 1549 449 regnat.

1020 515 1106 554 Quae
1129 513 1217 546 illius

1020 561 1143 595 fructus
1169 571 1300 595 manens

1022 614 1126 643 exstat
1149 610 1331 651 peispicua.

1022 668 1118 708 Cujus
1143 668 1344 707 principatus
1372 670 1419 699 est

1018 716 1114 748 nimis
1140 715 1340 748 confortatus

1020 764 1128 796 saecla
1152 773 1212 803 per
1238 767 1360 796 cuncta.

620 822 676 856 16,
702 822 908 862 Quapropter
932 830 1041 853 onmes
1066 831 1131 854 una

703 870 914 902 exclamemus
925 881 931 901 :

702 917 815 959 Amen,
844 917 997 957 AlleluJ'a.

301 982 330 1010 H
349 982 399 1009 fol.
422 981 475 1011 199
496 984 524 1011 b.
544 997 583 1002 ——
602 982 652 1018 5³,
675 982 693 1008 4
713 983 792 1011 laeta
811 984 843 1010 in
857 984 921 1011 hac.
937 998 974 1003 —
988 982 1038 1014 512,
1060 981 1078 1011 3
1095 985 1126 1011 in
1140 983 1244 1019 gloria,
1267 997 1305 1001 —
1319 981 1372 1012 91»,
1394 982 1412 1009 5
1427 985 1546 1010 tuorum

223 1021 319 1048 corda.
343 1035 375 1040 —
400 1020 469 1054 lob,
493 1021 507 1048 1
531 1022 613 1049 Dans
634 1029 729 1057 posti
751 1035 790 1040 -
811 1020 881 1057 lib,
903 1018 921 1047 2
942 1021 1047 1049 Petrus
1067 1023 1197 1058 propria.

656 1132 717 1165 170.
751 1134 793 1165 De
816 1133 923 1164 saneto
944 1132 1090 1164 Martino.

682 1204 713 1236 1.
739 1205 830 1237 Haeo
856 1207 903 1235 est
931 1203 998 1235 dies

738 1252 921 1284 veneranda
944 1250 1049 1283 nimis.

309 1308 374 1348 Qua
403 1306 548 1348 pontifex

304 1354 465 1388 Martinus
491 1357 578 1388 coelo
606 1354 706 1397 fulget

304 1404 490 1443 praeclarus

307 1460 414 1492 Veluti
437 1461 554 1501 gaudet

303 1517 375 1540 eum
399 1509 521 1549 angelis

303 1558 398 1596 atque
420 1556 596 1597 triumphat

304 1613 375 1636 oum
399 1604 609 1646 archangelis,

305 1661 364 1701 Qui
389 1664 510 1694 tantam
534 1662 650 1694 meruit

306 1709 442 1750 gratiam
467 1710 595 1749 habere,

303 1760 339 1789 ut
361 1757 395 1788 in
419 1757 574 1790 trinitatis

304 1803 436 1837 deificae

303 1863 388 1894 Vere
404 1864 487 1895 mira
511 1864 665 1896 virtutum

302 1911 497 1952 sanabatque

300 1959 470 1999 languidos
493 1962 589 2000 atque
614 1960 756 1993 claudos

301 2016 436 2057 Devota,

301 2064 502 2097 Turonorum
525 2064 652 2097 urbium
677 2068 712 2097 ut

302 2111 395 2144 fieret
415 2113 546 2152 praesul

302 2163 397 2200 atque
424 2159 508 2192 abba
531 2169 587 2192 seu
611 2164 723 2201 pastor

305 2207 477 2240 cathedrae
501 2208 616 2248 ovium,

303 2265 450 2298 Pretiosa

301 2314 367 2346 vita
391 2316 457 2355 tua,

302 2371 319 2394 o
345 2362 448 2403 gloria

301 2408 505 2451 pontificalis,
532 2409 604 2451 fuit,
630 2411 772 2444 Martine

911 1308 970 1340 2b.

910 1461 969 1495 31).

908 1662 967 1696 4b.

909 1864 970 1899 bb.

908 2017 967 2052 6b.

908 2267 968 2301 fib.

993 1310 1100 1348 Atque
1125 1308 1233 1341 adstat

991 1359 1064 1388 ante
1090 1364 1199 1397 regem
1223 1359 1389 1389 aeteruum

991 1405 1025 1436 in
1050 1405 1156 1436 astris.

994 1462 1071 1495 Cum
1097 1462 1252 1502 apostolis

992 1513 1025 1542 et
1049 1509 1227 1552 prophetis,

993 1556 1230 1590 confessoribus

991 1613 1030 1638 ao
1056 1605 1243 1646 virginibus.

991 1663 1157 1696 Suscitans
1184 1672 1353 1704 corporum

990 1710 1087 1743 trium
1113 1714 1313 1743 mortuorum

992 1759 1154 1799 magnifici
1178 1759 1241 1791 Dei

991 1808 1136 1848 potentia

992 1864 1141 1897 Mortuos
1166 1865 1344 1898 intercessu

992 1913 1169 1945 suscitabat

990 1964 1088 2001 atque
1112 1969 1253 1993 cosmum
1278 1961 1443 1995 evocabat.

988 2018 1127 2051 Divinae

991 2067 1253 2108 cosmographiae
1282 2068 1387 2108 gratia

994 2115 1142 2147 eoelestis
1166 2118 1241 2147 tuae

989 2163 1138 2206 vocabas,
1167 2163 1379 2196 conservabas

990 2211 1043 2243 vel
1068 2210 1250 2245 erudiebas,

992 2269 1017 2302 O
1043 2268 1138 2301 beate

993 2316 1046 2349 vel
1071 2317 1230 2357 praesule,

991 2366 1159 2397 elementia

988 2413 1053 2445 Dei
1076 2421 1158 2453 quae
1181 2412 1316 2445 contulit
1340 2413 1495 2447 remedia.
