1655 2637
655 466 685 509 I.
733 467 790 510 De
827 468 1038 524 Tempore.

720 553 742 585 1.
764 554 970 586 Prooemium.

184 608 216 641 1.
244 607 420 640 Precamur
443 612 581 649 nostras,

242 655 341 693 Deus,
368 656 491 688 animas

244 707 275 735 et
297 704 509 736 conscientias

879 612 911 644 2.
939 610 986 644 Ut
1010 620 1095 643 nunc
1120 613 1231 642 nostra

939 659 1087 692 Christus
1112 658 1244 690 veniens
1271 658 1372 690 corda

938 707 1001 739 sibi
1025 706 1170 740 inveniat

245 752 341 793 digne
366 753 497 793 munda,
936 758 1060 795 parata.

259 814 284 841 B
313 813 364 841 fol.
391 811 447 841 144
475 822 501 841 3.
530 831 567 835 -
600 814 641 843 Ca
665 815 714 843 fol.
741 815 758 842 7
786 823 811 843 a.
832 832 870 835 —
893 814 933 844 Cb
962 814 999 844 69
1019 816 1048 844 b.
1068 832 1107 837 —
1126 815 1154 843 D
1176 815 1226 843 fol.
1248 813 1285 843 96
1308 823 1333 842 3.
1412 814 1440 842 Ε
1460 815 1510 842 fol.

178 849 233 879 221
257 860 283 880 3.
304 868 341 872 -
363 852 388 880 G
413 852 463 880 fol.
488 850 542 881 180
563 862 589 881 3.
609 869 649 874 —
668 854 697 882 K
716 854 766 882 fol.
790 852 844 882 140
866 862 891 882 3.
914 869 950 873 -
975 855 1002 883 L
1024 854 1076 882 fol.
1102 851 1156 882 106
1178 862 1204 881 3.
1225 869 1264 873 -—
1283 854 1312 882 N
1332 854 1382 881 fol.
1403 851 1457 881 113
1481 854 1509 881 b.

178 906 217 910 —
237 890 262 918 P
281 890 331 918 fol.
354 890 388 918 51
418 891 446 918 b.
468 906 507 910 ——
525 890 551 924 2,
575 891 590 920 1
612 892 655 920 Ut
676 892 740 927 jam
759 901 838 920 nune
858 892 953 920 (Jach.
975 908 1012 913 —
1032 893 1312 929 Einleitungsgebet
1332 893 1364 919 in
1385 892 1437 920 das
1459 892 1509 920 Se-

179 930 385 964 quentiarium,
408 930 460 958 das
475 931 508 957 111
520 930 672 959 letzterem
686 934 761 959 etwa
781 930 911 959 dieselbe
925 931 1018 959 Stella
1031 932 1192 964 einninunt,
1208 932 1264 959 wie
1279 931 1327 959 (116
1342 931 1512 958 bekannten

177 967 271 995 Verse
287 969 433 1003 Grcqorz’us
458 970 572 1001 praesul
590 971 631 997 im
652 969 801 997 Graduale
829 969 899 997 oder
919 970 967 997 die
980 970 1088 998 Verse:
1109 969 1164 996 Ille
1184 970 1289 997 libellus
1308 971 1386 997 habet
1399 970 1439 996 im
1461 968 1511 997 Se-

179 1007 376 1041 quentiarium
396 1007 535 1035 Notkers.
574 1008 611 1035 In
630 1008 658 1035 D
679 1008 773 1044 hiingt
794 1008 987 1036 unmittclbar
1006 1010 1061 1036 mit
1080 1009 1176 1036 dieser
1195 1008 1372 1045 Einleitung·
1391 1005 1512 1043 (116356-

181 1053 276 1080 quenz
297 1044 386 1072 Salus
407 1048 542 1080 aeterna,
571 1047 604 1073 in
628 1045 668 1074 Cb
691 1046 739 1074 die
758 1046 851 1073 Prose
871 1046 959 1074 Orbis
979 1048 1045 1074 vita
1063 1054 1241 1074 zusammen.

621 1139 648 1170 2.
675 1138 838 1170 Dominica
858 1138 872 1170 1
890 1138 1064 1171 Adventus.

176 1199 235 1232 la.
265 1199 377 1232 Veniet
399 1208 457 1232 rex
481 1199 520 1231 in
545 1202 725 1240 aeternum,
876 1200 894 1233 1
908 1199 938 1233 b.
963 1200 1036 1233 Rex
1060 1202 1179 1240 noster,

265 1256 358 1288 quem
385 1250 575 1287 exspectant
596 1248 676 1288 justi
963 1248 1119 1288 Christus,
1146 1257 1279 1280 manens
1305 1256 1399 1280 sacra

264 1295 304 1327 ab
331 1295 455 1336 origine
480 1296 602 1337 mundi,
961 1296 1136 1329 invisibilis
1162 1294 1268 1328 forma

262 1346 295 1375 61
318 1344 395 1387 vita,
960 1348 993 1377 et
1015 1345 1134 1385 palma.

177 1401 238 1433 23.
264 1400 370 1442 Α11116,
397 1401 606 1443 nobilissime,
871 1400 935 1434 21³.
961 1402 1114 1440 Aeterne,
1142 1401 1328 1442 angelorum

263 1449 377 1490 gratia,
406 1449 520 1491 deitas,
956 1458 1051 1483 voces
1077 1449 1224 1482 assiduas

176 1508 195 1540 3
209 1515 238 1541 a.
264 1506 415 1548 Regnant
440 1516 511 1539 cum
538 1507 666 1541 Christo
870 1507 934 1541 3b.
959 1507 1006 1540 Et
1031 1510 1162 1540 cantant
1188 1507 1241 1539 die

262 1564 322 1596 per
348 1558 464 1588 61111613
488 1557 617 1589 saecula
955 1558 1116 1597 noctuque
1140 1556 1330 1596 splendidas

263 1603 298 1635 in
323 1604 401 1636 sede
425 1605 533 1645 patria
558 1614 617 1638 sua
957 1613 1052 1637 voces
1078 1608 1111 1637 et
1134 1604 1265 1636 illorum
1293 1613 1396 1640 veras.

175 1662 236 1695 4a.
263 1661 302 1693 1n
329 1662 425 1694 coelis
451 1671 577 1703 quoque
598 1663 631 1694 in
658 1667 746 1696 terra
868 1662 933 1695 41).
962 1662 1197 1702 Volucrumque
1222 1662 1400 1695 bestiarum

262 1710 415 1742 universa
439 1713 471 1743 te
495 1711 631 1743 laudant
959 1711 1069 1743 divina
1093 1711 1249 1751 mysteria

175 1769 194 1801 5
208 1777 236 1801 a.
266 1767 417 1800 Gaudent
441 1768 536 1800 simul
869 1769 930 1802 5b.
958 1769 1040 1810 Regi
1065 1772 1173 1802 autem

265 1819 295 1848 et
320 1817 483 1849 laetantur
956 1819 1158 1851 saeculorum

261 1865 417 1897 miracula
955 1870 1115 1908 perpetua

174 1923 234 1956 63..
261 1922 461 1964 Dominator‚
869 1925 931 1959 61).
956 1925 1098 1966 Adjuva,
1127 1933 1196 1967 rex,

260 1971 413 2012 princeps
438 1972 539 2013 pacis,
955 1983 1082 2015 quoque
1106 1982 1235 2014 semper

951 2021 1089 2055 famulos
1113 2025 1186 2055 tuos

954 2075 986 2104 et,
1012 2072 1139 2105 dicant:
1167 2071 1271 2112 gloria

625 2130 656 2163 7.
683 2129 806 2171 Regna,
835 2129 1025 2170 dominator,

682 2187 742 2219 per
767 2179 906 2211 saecula.

244 2234 269 2261 B
290 2233 340 2262 fol.
361 2232 417 2263 144
437 2243 463 2263 3.
485 2250 522 2255 -
544 2235 586 2264 Oh
607 2235 658 2264 fol.
674 2234 712 2264 70
732 2236 761 2264 b.
779 2250 816 2254 —
832 2235 860 2263 Ε
875 2235 926 2264 fol.
944 2233 999 2264 221
1016 2244 1042 2264 3.
1058 2252 1096 2257 -
1117 2235 1252 2273 Sequenz
1267 2238 1323 2265 mit
1339 2237 1508 2276 doppeltem

166 2272 317 2310 Eingang.
356 2273 385 2301 V
405 2274 425 2301 1.
445 2274 587 2308 Bartsch,
615 2275 635 2303 1.
658 2283 682 2303 6.
704 2274 734 2303 S.
755 2273 810 2312 283
837 2274 937 2310 Wolf,
965 2275 1049 2304 Uber
1070 2276 1119 2304 die
1137 2276 1224 2310 Lais,
1253 2275 1427 2313 Sequenzen
1447 2279 1508 2307 und

164 2312 277 2341 Leiche
296 2311 325 2341 S.
347 2282 412 2341 325.
434 2328 470 2332 —
491 2311 545 2348 2b,
572 2313 584 2341 1
609 2323 652 2351 sq.
684 2313 829 2343 Aeternas
850 2314 894 2350 E3
920 2314 969 2342 die
988 2314 1097 2343 beiden
1116 2315 1358 2344 unerkliirlichen
1378 2317 1508 2346 Accusa-

164 2352 227 2379 tive
248 2351 315 2380 hier
333 2356 433 2390 ’116665
456 2353 603 2387 assiduas)
622 2353 684 2381 und
701 2351 755 2390 310,
777 2352 795 2383 3
816 2356 914 2386 (voces
933 2352 1031 2389 veras)
1046 2354 1164 2383 belasse
1180 2354 1238 2390 ich,
1258 2355 1327 2383 weil
1344 2356 1392 2384 die
1409 2358 1508 2394 einzig

164 2391 316 2428 mogliche
342 2391 504 2428 Andemng
524 2392 573 2420 die
592 2392 809 2422 Endassonanz
839 2394 873 2422 in
900 2401 931 2429 3,
960 2392 1010 2421 die
1036 2402 1085 2421 am
1109 2392 1250 2422 Schlusse
1276 2393 1362 2430 jeder
1380 2396 1507 2425 Klausel

165 2429 377 2467 durehgeffihrt
396 2432 444 2465 ist,
465 2431 616 2460 verletzen
639 2432 749 2461 111111116-
769 2448 809 2452 -
829 2431 880 2467 63,
901 2430 921 2460 4
940 2432 1031 2461 verde
1052 2433 1088 2461 E.

258 2029 376 2061 magna
400 2021 457 2053 lux
484 2021 581 2061 clara,

258 2078 337 2101 vera
363 2078 505 2102 carnuna
