1655 2637
785 160 829 166 -—
880 139 1044 175 234—

255 237 311 265 BF.
332 252 370 257 —
390 237 443 273 5a,
465 237 483 266 2
504 238 680 275 diluuntque
696 239 728 267 F.
751 254 791 258 ——
810 235 865 272 510,
890 235 904 265 1
925 236 1065 264 Perfusus
1087 236 1218 261 etei-rora
1230 233 1290 261 BF.
1310 246 1348 251 —
1368 231 1385 259 5
1397 232 1424 268 b,
1442 229 1460 260 3
1473 230 1580 266 jucun-

254 275 326 303 dant
346 277 402 305 BF.
423 293 461 297 —
481 277 498 306 5
510 279 537 310 h,
559 276 579 304 4
598 277 636 305 ad
656 278 754 306 coelos
769 276 821 305 BF
841 284 935 313 gegen
955 275 1008 302 das
1028 271 1187 302 Versmars.
1208 288 1247 292 —
1268 270 1327 304 61),
1350 269 1368 298 2
1388 270 1449 298 und
1468 268 1486 298 3
1506 270 1581 298 fehlt

249 314 281 351 je
308 316 374 343 eine
390 315 474 344 Silbe
498 325 546 344 am
563 316 648 343 Vers.
669 332 707 336 —
727 315 743 343 7
757 324 789 350 a,
815 312 834 341 2
857 316 901 342 es‘c
920 314 1048 350 ergfinzt.
1068 327 1107 332 -—-
1124 310 1142 338 7
1156 319 1187 344 a,
1218 309 1235 338 5
1259 319 1303 347 sq.
1331 309 1477 338 auxilium
1495 317 1580 346 prae-

255 353 325 381 bens
345 354 404 382 BF.
426 371 464 375 —
485 353 536 387 Sa,
562 352 580 382 3
613 356 808 391 concrepante
826 353 860 381 F.
882 368 920 372 —
942 350 1002 386 81),
1032 350 1046 379 1
1069 358 1158 388 quam
1179 349 1254 377 fehlt
1273 350 1305 377 F.
1326 364 1364 368 —
1385 346 1402 376 9
1417 356 1449 383 a,
1470 345 1488 376 3
1507 348 1579 375 libis

253 392 286 421 B.
312 408 348 412 —
370 391 425 428 9b,
447 391 464 420 2
485 402 539 422 vos
559 393 634 421 fehlt
652 394 685 421 Β.
706 408 744 412 —-
761 391 817 427 912,
839 390 859 419 4
879 391 1016 419 deitatem
1038 390 1071 418 F.

653 495 713 527 213.
753 495 798 527 De
819 492 973 525 Communi
992 492 1179 532 Martyrum.

831 576 863 608 1.
888 574 1000 607 Verba

256 635 312 667 22.
340 633 463 667 Cuncta
943 631 1002 664 2b.
1026 630 1157 670 Christi,

335 682 418 723 regis
445 683 521 715 celsi
547 691 640 722 quem
664 682 776 714 laudat
1026 680 1080 720 qui
1103 680 1231 710 sanctos

335 731 481 769 potentia
1026 726 1206 768 praeelegif,
1228 726 1271 759 ad
1296 725 1443 767 gloriam.

257 787 313 820 3a.
339 786 383 818 Et
408 788 482 826 quia
506 795 587 819 unus
944 784 1003 818 312.
1027 785 1072 817 Et
1092 792 1158 815 una
1183 782 1265 815 fides

340 834 473 874 spiritus
1025 835 1058 864 et
1079 840 1144 865 una

339 881 373 913 in
399 882 444 914 eis
469 883 585 915 aderat
1027 879 1198 921 praeclara,
1223 879 1351 922 caritas,

256 940 315 972 4a.
341 939 479 971 Accensi
942 937 1003 971 4b.
1025 937 1106 970 Ideo

336 996 443 1019 amore
468 987 569 1019 secuti
1027 988 1060 1017 et
1085 992 1156 1016 cum
1182 984 1309 1018 Christo
1336 987 1474 1024 regnant

336 1038 409 1066 sunt
432 1034 494 1067 Dei
515 1036 707 1075 praecepta3
1026 1034 1061 1065 in
1087 1033 1248 1064 coelorum
1273 1033 1350 1066 alta.

255 1092 311 1125 5a.
340 1091 480 1124 Coronas
505 1094 679 1132 perpetuas
942 1090 1002 1124 5b.
1024 1091 1131 1123 Rosae
1153 1090 1295 1121 liliarum

336 1139 372 1170 in
397 1148 505 1171 eorum
532 1138 647 1178 capita,
1024 1137 1143 1178 repleti
1167 1135 1352 1178 fraglantia,

715 1197 745 1229 6.
774 1195 865 1228 Colla
889 1193 996 1227 ferent

771 1243 920 1283 parentia
944 1252 1057 1275 cruore

775 1300 813 1323 ac
837 1290 915 1322 laeti

770 1338 938 1379 possident
959 1339 1100 1378 palmam

773 1390 805 1419 et
831 1394 903 1417 cum
927 1386 1055 1420 Christo
1079 1388 1224 1426 regnant.

332 1454 356 1482 B
376 1453 426 1481 fol.
448 1452 504 1482 242
517 1455 545 1482 b.
567 1468 606 1473 —
624 1453 652 1481 E
676 1454 727 1481 fol.
747 1451 805 1482 318
821 1453 849 1480 b.
873 1467 910 1471 -
931 1451 985 1487 Za,
1007 1450 1025 1479 2
1044 1452 1183 1480 laudatur
1202 1452 1264 1480 BE.
1285 1468 1324 1472 —-
1345 1451 1399 1486 21„
1422 1450 1436 1478 1
1461 1451 1580 1479 Christe

253 1492 289 1520 E.
311 1506 350 1511 ——
368 1490 428 1523 43.
456 1490 474 1519 2
502 1500 602 1520 amore
621 1491 721 1519 divino
741 1492 810 1528 BE,
831 1491 1014 1527 fiberz'ahlig.
1029 1507 1066 1511 —
1080 1489 1135 1524 4a,
1158 1488 1175 1518 3
1196 1491 1318 1518 Domini
1340 1490 1401 1519 BE.
1421 1505 1461 1510 —
1479 1488 1538 1523 412,
1561 1489 1577 1517 1

253 1530 380 1567 Ideoque
401 1531 462 1558 ΒΕ.
485 1546 524 1550 -
553 1529 606 1563 510,
638 1531 650 1558 1
679 1530 869 1566 lilim-umque
888 1529 950 1557 BE.
977 1545 1016 1549 —
1046 1529 1100 1563 5b‚
1129 1527 1148 1556 2
1174 1529 1281 1565 repleti
1309 1529 1401 1557 odore
1420 1529 1581 1565 fraglantia

254 1568 524 1635 BE3tautolog-isch
536 1568 598 1596 und
611 1569 800 1605 iiberz'ahlig3
822 1570 932 1604 repreti
945 1569 1134 1605 flagi-antima
1146 1568 1180 1595 B.
1199 1582 1236 1586 —
1252 1566 1277 1601 6,
1293 1566 1312 1595 2
1327 1570 1451 1604 parenia
1465 1567 1527 1595 BE.
1542 1582 1579 1586 —

254 1606 279 1636 6.
303 1610 310 1632 :
341 1615 376 1634 ac
395 1608 450 1635 loii
470 1608 504 1636 B.

665 1709 727 1741 214.
767 1709 811 1741 De
832 1707 988 1740 Communi
1007 1708 1171 1748 Martyris.

255 1790 285 1824 1.
310 1789 440 1831 Martyr
463 1790 536 1831 Dei,
944 1791 975 1823 2.
1001 1791 1065 1823 Per
1087 1792 1175 1822 tuam
1200 1790 1466 1823 intercessionem

311 1846 419 1878 regem
445 1839 524 1871 coeli
1003 1839 1129 1870 veniam
1151 1847 1331 1872 mereamur

314 1886 456 1929 deplora,
483 1889 519 1918 ut
544 1889 656 1918 nostra
1004 1887 1171 1927 culparum
1195 1889 1379 1919 nostrarum

311 1934 419 1966 deleat
442 1934 598 1967 facinora.
1001 1935 1081 1967 laeti
1105 1943 1165 1974 per
1192 1939 1307 1968 cuncta
1332 1935 1462 1967 saecula

809 2002 1018 2035 saeculorum.

254 2116 260 2121 ¹
312 2075 353 2141 1Β
374 2076 423 2103 fol.
445 2075 501 2106 229
512 2079 540 2106 b.
561 2091 599 2096 —
628 2076 712 2105 Ohne
731 2077 868 2112 Melcdje,
892 2077 969 2105 ohne
987 2077 1220 2106 Parallelismus.
1243 2095 1283 2098 —
1311 2078 1336 2115 J,
1359 2077 1377 2108 3
1400 2078 1523 2114 deplora
1541 2089 1581 2099 =

251 2123 312 2150 imp
326 2122 385 2141 ora.

639 2208 699 2240 215.
740 2209 784 2240 De
807 2208 962 2241 Communi
984 2209 1187 2242 confessoris.

253 2288 308 2321 ia.
335 2286 472 2319 Succina
945 2290 1002 2324 lb.
1024 2291 1144 2323 Inclita

336 2335 492 2376 cantibus,
1027 2339 1197 2372 concinens

334 2383 487 2424 phalanx,
514 2393 635 2424 organa
1024 2387 1184 2428 praesulis
1209 2388 1294 2419 sacri

333 2432 479 2464 Martiali
501 2431 615 2473 jubila,
1028 2436 1138 2469 divina
1163 2436 1367 2471 charismata.
