1655 2637
735 122 993 159 —192-

283 217 311 245 D
337 218 387 246 fol.
410 216 465 247 139
486 228 512 247 a.
539 235 579 240 —
603 220 632 249 Κ
655 220 706 248 fol.
738 217 790 247 171
813 229 839 248 a.
868 234 905 239 —
930 219 957 248 L
978 220 1027 248 fol.
1050 217 1104 246 117
1127 227 1152 247 a.
1179 234 1217 238 —
1243 217 1271 247 N
1291 218 1341 246 fol.
1365 216 1419 245 142
1442 226 1469 246 a.
1495 233 1534 239 —

206 255 230 284 P
251 256 303 285 fol.
325 255 379 285 102
401 267 428 286 a.
454 273 492 277 —
521 257 578 286 cfr.
600 258 688 288 Grad.
709 258 893 287 Nivemense
916 267 992 287 saec.
1014 257 1060 286 11.
1084 257 1155 286 Cod.
1175 257 1321 285 Parisicn.
1342 255 1416 301 9449
1438 257 1474 285 Σ.
1495 271 1533 276 -

207 291 261 330 23,
285 293 298 323 1
321 295 480 333 Jungando
501 297 542 326 Σ;
560 297 687 333 jocando
708 298 745 326 D.
766 313 803 317 —
823 295 876 331 3b‚
899 296 913 326 1
937 298 1075 334 personet
1094 296 1127 324 P.
1146 310 1184 316 -—-
1204 295 1257 329 4a,
1279 293 1297 322 2
1319 296 1417 331 Hujus
1438 298 1480 324 ut.
1494 310 1534 315 —

205 331 262 368 71»,
283 335 301 362 4
323 334 472 363 collaudat
499 335 562 364 KL.
590 352 628 357 —
655 333 708 371 Sb,
730 332 748 363 3
773 336 893 364 saecula
912 335 987 364 D-P.
1008 350 1043 354 --
1066 332 1092 369 9,
1114 333 1132 361 2
1153 335 1274 362 cantent
1292 334 1367 363 D-P‚
1387 349 1426 354 —
1447 333 1533 362 Nach

205 369 232 407 9,
261 370 295 400 2:
323 372 458 402 Sublime
484 374 584 403 dicant
617 376 717 403 omnia
746 382 861 411 semper
892 374 1052 411 redempta.
1081 374 1186 401 Amen.
1213 373 1251 401 D.
1278 388 1315 392 ——
1340 371 1366 407 9,
1394 370 1413 400 3
1437 373 1533 401 Amen

206 409 308 439 dicant
329 414 429 440 omnia
448 414 484 440 Σ.

648 523 709 555 174.
740 523 784 554 De
805 524 911 556 sancto
932 522 1077 555 Martino.

721 614 752 648 1.
780 614 804 647 O
831 613 975 646 Martiae

779 669 880 702 sacer,
906 661 1021 693 merito

203 743 259 775 2a.
287 741 434 775 canimus
461 741 665 774 devotissime
689 742 749 775 tibi
892 741 951 776 2b⁴
971 741 1042 774 Rex
1054 742 1213 774 coelorum
1228 743 1483 777 catechuminum
1493 752 1527 776 se

282 789 316 821 in
342 790 416 822 aula
974 793 1065 821 veste
1087 792 1166 822 tunc

283 837 344 869 hac
367 846 424 869 nos
451 837 599 869 earmina.
972 837 1120 869 indutum
1148 838 1294 872 laudans,

202 918 257 951 3a.
285 917 401 957 Pangit
425 918 528 950 clerus
891 916 949 951 3b.
974 916 1243 951 Circumstantum

283 965 453 1006 concioque
477 964 583 998 fidelis
973 969 1079 998 castra
1102 965 1199 998 herili
1228 970 1304 999 ante

282 1021 337 1045 ore
361 1013 455 1045 simul
479 1016 585 1046 mente
971 1022 1064 1045 sacra
1089 1013 1292 1054 baptismatis

283 1059 400 1093 debita.
971 1058 1103 1093 flumina

198 1143 256 1175 421.
283 1141 496 1174 Barbarorum
525 1141 643 1174 virtute
666 1145 722 1174 tua
886 1140 945 1173 4b.
971 1140 1107 1174 Gressus
1133 1142 1223 1176 facili
1249 1144 1416 1176 extollitur

280 1188 419 1221 subdere
445 1189 649 1230 declarabas3
968 1198 988 1220 a
1012 1192 1055 1230 te,
1080 1190 1223 1223 Martine
1247 1194 1369 1233 pastor,

279 1239 353 1276 post
376 1237 483 1277 magni
969 1237 1023 1276 qui
1049 1236 1153 1270 factus

279 1284 397 1317 Hilarii
422 1282 507 1317 fama
970 1292 1003 1316 es
1030 1287 1199 1319 exorcista.

197 1366 253 1398 511.
280 1365 406 1397 Virtute
430 1366 512 1398 mira
534 1365 701 1407 languidos
885 1369 942 1402 5b.
965 1370 1111 1403 Mortuos
1138 1381 1216 1405 voce
1240 1373 1399 1406 suscitans

278 1415 315 1444 tu
339 1413 486 1453 sanabas,
966 1418 1132 1453 evocabas

196 1493 251 1525 621.
277 1493 355 1525 Post
378 1495 539 1534 apostolos
883 1499 941 1532 6b.
965 1498 1009 1532 Ut
1034 1500 1067 1533 in
1093 1501 1214 1534 virtute

279 1549 415 1581 namque
965 1547 1119 1581 trinitatis

276 1588 432 1622 Dominus
456 1591 579 1622 tantam
606 1590 753 1631 dignatus
966 1595 1100 1628 deificae
1126 1597 1300 1631 suscitares

279 1639 328 1668 est
351 1637 464 1678 largiri
965 1647 1163 1677 mortuorum

277 1693 365 1717 suam
391 1685 536 1726 gratiam,
966 1691 1062 1723 trium
1090 1701 1235 1734 corpora.

195 1765 250 1798 7a.
278 1765 325 1797 Te
345 1766 470 1806 devota,
496 1767 696 1800 Turonorum
883 1772 940 1807 7b.
963 1772 1138 1814 Lectioque
1164 1775 1274 1809 divina
1299 1778 1331 1808 et

274 1816 311 1845 ut
334 1812 427 1846 fieres
452 1815 580 1854 praesul
605 1819 699 1855 atque
728 1815 821 1858 abba,
965 1822 1111 1854 coelestis
1138 1824 1294 1857 evocabat.
1317 1825 1431 1865 gratia.

192 1895 247 1928 8a.
277 1894 302 1927 Ο
329 1904 421 1935 quam
447 1894 639 1936 pontificalis
665 1897 732 1931 vita
882 1901 942 1936 8b.
964 1901 1048 1935 Fide
1073 1903 1195 1937 Christi
1219 1903 1359 1946 flagrans
1384 1909 1494 1942 munia

271 1942 406 1975 Martini
430 1941 491 1976 tuit
965 1958 1060 1983 orans
1084 1951 1227 1992 implesti

274 1990 422 2035 gloriosa,
963 2006 1023 2039 pro
1048 2001 1153 2040 gregis
1182 2000 1247 2033 vita

273 2047 291 2070 o
317 2038 404 2070 beati
965 2048 998 2077 et
1021 2055 1081 2086 pro
1106 2048 1210 2089 nobis,

272 2086 335 2118 viri
359 2088 601 2129 pretiosissima,
962 2095 1111 2136 petimus,
1137 2096 1243 2128 Deum
1268 2100 1426 2140 supplica,

273 2142 366 2174 quam
393 2136 527 2168 contulit
962 2144 1000 2173 ut
1023 2144 1147 2176 meritis

274 2183 420 2214 coelestis
445 2184 607 2216 terrestris
632 2184 695 2217 Dei
964 2190 1028 2222 tuis
1053 2194 1164 2232 pateat
1190 2194 1337 2227 coelestis

273 2230 448 2263 clementia.
964 2238 1046 2271 aula.

188 2312 245 2344 921.
276 2311 301 2344 Ο
328 2311 422 2344 nimis
448 2314 633 2346 veneranda
658 2313 726 2347 dies
882 2318 940 2352 9b.
963 2318 1032 2358 Qua
1057 2321 1124 2361 ejus
1150 2322 1301 2363 migravit
1324 2325 1441 2365 anima,

273 2362 306 2391 et
329 2357 482 2393 fidelibus
507 2361 569 2394 Dei
965 2369 1016 2399 cui
1042 2373 1225 2403 sanctorum
1250 2372 1405 2405 virtutum

272 2408 350 2440 satis
375 2409 554 2451 praeclara,
964 2421 1136 2450 occurrunt
1160 2419 1298 2459 agmina.
