1655 2637
705 101 970 137 —215—

196 197 253 230 Sa.
280 198 373 231 Haec
397 197 491 232 nobis
515 199 639 232 intacta
891 200 952 234 eb.
975 200 1035 240 Qui
1061 201 1222 240 comptum
1248 209 1366 233 corona

280 248 374 279 natus
399 247 497 281 vulva
966 249 1017 281 'ad
1043 248 1171 281 excelsa

281 304 395 336 annue,
425 294 560 340 Christe,
588 296 704 337 omnia,
975 296 1172 338 Stephanum
1198 296 1318 329 duxisti
1343 305 1450 337 regna.

175 352 218 385 10
227 360 256 384 a.
284 352 350 392 Quo
379 353 431 385 die
456 352 620 386 schemata
868 353 950 387 10b.
975 354 1094 393 Quibus
1122 356 1153 385 et
1177 362 1240 386 vox
1264 356 1376 386 nostra

282 403 466 433 sanctorum
491 404 644 434 resonant
970 403 1124 443 jungatur
1147 401 1181 433 in
1202 401 1262 434 illa

283 448 400 481 dulcia.
976 450 1101 491 chorea,

174 505 216 538 11
227 513 256 538 a.
282 505 358 545 Ipso
384 506 588 546 supplicante
614 506 774 549 choraula,
868 507 950 540 11b.
976 507 1072 548 Cujus
1097 507 1187 540 laudi
1210 507 1402 547 praebemus
1426 508 1489 540 ist-a

634 565 689 597 12.
716 563 850 597 Festiva
875 565 1014 599 comitia.

252 637 293 666 Cb
314 638 365 666 fol.
389 635 425 666 13
439 638 466 665 b.
488 655 526 658 —
547 637 604 666 C‘fr.
625 639 747 675 Tropar.
769 639 960 668 Floriacense
980 648 1056 668 saec.
1069 637 1114 667 11.
1137 638 1206 666 God.
1222 639 1383 667 Parisiens.
1404 640 1500 668 Nouv.

172 684 235 713 aeq.
265 674 349 704 1107.
376 677 411 704 Σ.
442 691 480 695 -
511 675 561 709 la,
583 675 601 704 4
626 686 751 713 persone
774 677 826 706 Cb.
847 694 884 698 -—
908 676 959 713 2a,
982 677 999 705 2
1024 679 1125 706 instat.
1146 692 1183 696 —
1203 675 1257 713 31),
1282 676 1296 706 1
1323 678 1403 706 Anni
1424 678 1502 715 quod

172 715 224 742 Cb.
244 730 284 734 —
303 713 357 749 4b‚
377 714 397 743 4
418 716 515 742 exeita
530 714 580 742 Oh.
602 732 640 736 —
659 715 712 751 410,
733 716 751 744 7
771 715 829 744 fide
850 716 901 745 Cb.
927 734 958 737 —
980 716 1031 751 6a,
1054 715 1068 745 1
1091 715 1151 744 Hie
1170 718 1281 752 martyr
1296 717 1334 744 Σ.
1353 732 1391 736 -
1416 716 1467 752 62„
1482 715 1500 745 5

171 754 330 790 astrigerat
360 753 410 782 Cb.
437 768 475 772 —
500 753 551 789 7a,
575 752 588 781 1
620 762 762 791 conerepe
788 754 839 783 Ob.
868 770 903 774 —
933 754 1004 791 lob,
1026 753 1044 782 2
1067 756 1232 792 jungantur
1257 755 1308 784 Cb.
1330 771 1366 774 —
1390 754 1460 791 lob,
1482 753 1500 783 3

171 800 280 819 corona
300 793 337 819 Σ.

613 895 677 927 195.
697 896 741 927 De
761 897 869 928 sancto
890 896 1057 937 Stephano.

172 976 229 1009 la.
256 976 358 1009 Nwzc
384 975 451 1009 dies
869 977 926 1011 lb.
954 975 1078 1019 C'lanye
1102 977 1182 1009 tuba

255 1024 368 1056 inclita
950 1034 1076 1066 sonora,

255 1075 352 1113 atque
376 1071 521 1113 pretiosa
951 1073 1060 1105 concio
1085 1073 1190 1113 beata,

254 1120 347 1152 nobis
372 1121 473 1153 instat
497 1122 569 1152 orta
950 1119 1034 1153 festa
1057 1120 1253 1161 praesentia.

171 1179 228 1212 2a‚
255 1177 342 1210 Hinc
365 1177 482 1210 merita
866 1178 924 1211 210.
948 1178 1008 1218 Qui
1032 1178 1173 1219 plurima

257 1225 414 1266 Stephani
438 1225 541 1257 recita
949 1225 1092 1259 faciebat
1116 1226 1208 1266 signa

253 1274 407 1315 martyris
435 1274 532 1313 clara,
948 1273 1053 1307 factus
1079 1274 1187 1307 levita.

170 1334 225 1367 3a.
253 1332 350 1364 Hunc
374 1331 501 1366 Judaea
865 1332 923 1366 eb.
947 1331 1054 1364 Necat
1077 1331 1150 1364 dira

251 1380 437 1422 perdurans
462 1380 497 1411 in
522 1389 582 1411 sua
946 1381 1093 1421 lapidum
1114 1380 1254 1420 jactura,

250 1428 375 1461 malitia
949 1429 1102 1461 coelestia

253 1480 286 1508 et
309 1476 462 1517 peccatis,
948 1478 1057 1518 sicque
1079 1484 1180 1516 regna

254 1525 336 1557 dura
360 1532 487 1564 semper
513 1527 546 1556 et
570 1522 706 1567 perfida,
949 1524 1137 1558 conscendit
1160 1524 1232 1564 ipse
1258 1532 1329 1555 oum
1352 1524 1469 1564 palma.

170 1584 227 1617 4a.
254 1583 329 1616 {Yam
351 1590 439 1614 nuno
461 1581 562 1622 igitur
864 1582 925 1616 ib.
948 1582 1127 1624 Certantes,
1153 1584 1267 1614 nostra

254 1631 377 1663 alacres
402 1629 536 1663 laudum
947 1634 984 1662 ut
1007 1631 1051 1662 sit
1074 1639 1157 1671 pura
1181 1639 1270 1661 mens

253 1677 393 1711 feramus
418 1678 593 1718 praeconia
949 1682 1045 1719 atque
1071 1678 1275 1711 conscientia.

170 1738 225 1770 5a.
255 1737 280 1770 O
307 1736 401 1769 beate
865 1736 924 1770 5b.
947 1737 994 1769 Te
1018 1737 1180 1777 poscimus

250 1787 471 1826 protomartyr
949 1788 981 1817 et
1005 1786 1155 1826 petimus,

253 1833 425 1875 Stephane,
454 1832 543 1872 cujus
569 1832 670 1864 instat
947 1836 1002 1866 tuo
1029 1834 1162 1866 obtentu
1187 1831 1260 1866 fulti

252 1882 438 1914 solemnitas
458 1882 526 1921 jam
549 1881 699 1922 gloriosa,
948 1882 1035 1914 vitae
1059 1881 1229 1924 percipere
1254 1891 1385 1922 pascua.

168 1941 225 1973 6a.
254 1940 370 1974 Satiati
865 1940 924 1975 6b.
946 1940 1055 1981 Atque
1079 1940 1157 1973 laeti

253 1988 367 2029 quibus
389 1988 543 2021 adeamus
949 1990 1114 2022 videamus
1142 1989 1315 2029 Christum,

251 2038 437 2079 angelorum
946 2047 1054 2079 regem
1080 2040 1190 2070 natum

252 2086 348 2127 digne
374 2085 536 2119 consortia
946 2087 1071 2128 virgine
1093 2085 1210 2119 Maria.

165 2144 220 2177 7a.
246 2144 448 2186 Regnantem
475 2152 546 2175 cum
569 2146 664 2184 patre
864 2144 922 2178 7b.
947 2145 1005 2179 Cui
1029 2147 1080 2177 est
1102 2144 1205 2178 honor
1231 2148 1264 2177 et

246 2193 372 2234 pariter
944 2196 1089 2234 potestas

246 2242 281 2274 in
306 2242 384 2274 sede
408 2241 553 2281 aethera,
778 2262 781 2265 -
945 2242 979 2274 in
1005 2245 1137 2276 aeterna
1161 2243 1299 2276 saecula.

629 2300 660 2334 8.
688 2302 793 2333 Amen
819 2301 930 2334 dicant
955 2302 1068 2334 omnia.

241 2377 282 2407 Cb
308 2378 359 2407 fol.
386 2377 421 2408 16
432 2386 458 2406 a.
485 2392 523 2397 —
548 2375 601 2413 3a,
622 2377 642 2406 4
669 2380 699 2406 et
725 2380 856 2415 peecata.
882 2393 919 2398 —
947 2377 997 2414 621,
1021 2377 1036 2407 1
1064 2378 1179 2414 Quibus
1207 2379 1319 2406 satiati.
1346 2393 1382 2397 -
1408 2377 1458 2414 ca,
1479 2376 1503 2407 3

162 2416 251 2453 digne
272 2418 453 2454 angelorum.
490 2436 508 2439 -
533 2417 663 2446 Melodic
685 2417 737 2446 der
758 2417 893 2455 Sequenz
914 2430 952 2440 =
973 2418 1112 2447 Gloriosa
1132 2416 1205 2445 dies.
