1655 2637
210 215 268 248 4a.

214 557 270 589 5a.

715 138 761 142 —
810 116 880 153 218
928 136 977 141 —

899 214 959 248 412»,

295 214 406 247 Proles
431 224 563 256 summa,

294 263 395 295 virtus
420 266 564 304 paterna,

294 310 364 348 Via‚
387 311 453 353 lux,
478 312 600 344 veritas

293 367 421 399 paxque
445 362 571 393 tuorum

294 407 399 439 omnia
424 416 483 447 per
507 410 662 448 tempora,

295 454 448 488 Guberna
471 458 558 487 tuum
583 456 718 499 plasma⁷

295 503 378 543 quod
403 504 507 545 imago
534 506 583 536 est
606 507 671 536 tua.

297 555 370 587 Hac
393 556 428 588 iu
454 556 506 588 die
530 556 649 588 vexilla

293 605 386 643 proto
412 611 476 643 qua
498 606 622 644 martyr

900 555 958 588 5b.

983 213 1080 253 Cujus
1103 213 1192 245 laeta

983 261 1061 294 audi
1087 260 1229 293 carmina

983 310 1100 342 Preces
1126 312 1160 341 et
1181 317 1319 341 munera

982 358 1044 390 hac
1069 358 1162 390 domo
1188 366 1282 390 sacra

984 406 1110 446 suscipe
1137 413 1197 446 per
1220 404 1358 444 saecula,

983 454 1126 486 Resonat
1146 454 1233 494 quod
1256 453 1367 493 lyricis

984 501 1113 535 chordis
1138 500 1243 534 flabra
1265 501 1398 534 musica.

982 554 1115 587 Habens
1140 563 1266 594 nomen,
1293 554 1378 595 quod
1404 557 1498 586 sonat,

984 603 1111 644 merita,
1136 602 1217 634 serit

293 653 440 692 reportat
982 651 1017 683 in
1042 659 1166 683 summa

293 698 509 739 triumphalia.
982 707 1120 739 poenam
1143 698 1241 740 regia

213 752 268 784 6a.
295 751 394 790 Quem
420 751 532 784 cohors
557 751 663 792 rigida
901 752 959 785 6b.
980 752 1089 791 Atque
1112 751 1205 783 miles
1229 760 1327 784 ovans

293 800 367 839 plus
394 799 475 831 dura
983 808 1042 839 per
1066 807 1159 831 sacra

295 855 389 887 quam
413 855 492 879 saxa
985 847 1120 879 vulnera

294 894 365 926 neci
389 895 531 934 mandat,
986 895 1091 934 carpit
1114 895 1210 934 viam,

295 942 462 982 lymphata
985 951 1117 975 nemora

214 1090 269 1123 7a.

214 1238 269 1271 8a.

215 1529 269 1562 9a.

191 1677 272 1711 103.

191 1825 273 1859 113.

295 990 440 1029 quatiens
462 990 599 1030 jactura,

296 1046 360 1077 qua
389 1038 528 1077 capessit
552 1038 674 1071 aethra.

296 1089 402 1130 Supra
427 1088 580 1123 fundatus
606 1090 659 1131 qm·
684 1092 810 1131 petram

294 1146 353 1177 per
377 1138 532 1177 plurimas

295 1186 351 1217 uni
375 1195 474 1218 nexus
496 1186 632 1218 radices.

296 1237 402 1278 Ipsius
427 1237 608 1278 verbigena,

295 1284 341 1317 Et
359 1285 423 1324 piis
447 1285 598 1325 precibus
623 1285 700 1317 almi

297 1332 453 1372 Stephani
476 1332 627 1374 martyris

295 1381 407 1413 relaxa
431 1378 575 1413 facinora

294 1428 340 1460 Et
364 1428 469 1460 omnia

297 1478 404 1508 errata
428 1475 577 1520 admissa,

298 1528 365 1567 Quo
390 1528 544 1561 candidus
568 1529 670 1561 intrat

295 1585 405 1619 agnus,
432 1576 500 1608 ovis
525 1576 670 1617 virginis,
697 1577 783 1610 clara

300 1633 370 1656 cum
395 1627 510 1661 turma,

300 1678 368 1716 Qua
393 1676 476 1709 stola
500 1678 606 1717 rutila,

299 1733 392 1765 quam
419 1724 485 1763 ejus
513 1733 624 1757 cruore

296 1773 387 1812 prius
411 1773 547 1813 laveras,

298 1824 397 1866 Ergo,
422 1825 527 1865 beate,
553 1824 645 1858 nobis
671 1827 782 1858 sancta

903 1091 961 1124 7b.

903 1239 962 1273 sb.

904 1530 962 1564 91).

879 1677 961 1711 101).

983 993 1133 1031 repetens
1159 991 1277 1023 amissa

985 1038 1043 1070 sed
1066 1048 1086 1070 a
1111 1038 1239 1071 Christo
1263 1038 1404 1071 reddita,

985 1090 1045 1130 Qui
1068 1090 1161 1124 nobis
1185 1093 1299 1130 poscat,
1323 1092 1450 1123 veniam

987 1148 1007 1170 a
1031 1141 1074 1178 te,
1099 1141 1227 1178 spectat

986 1194 1079 1226 quem
1101 1186 1205 1227 patris
1231 1186 1273 1218 ad
1303 1186 1478 1219 dexteram.

985 1239 1087 1278 Inque
1113 1240 1243 1271 coelesti
1267 1239 1376 1279 patria

984 1286 1098 1327 Regna
1121 1287 1264 1320 concede
1286 1286 1385 1318 beata

986 1337 1169 1366 sanctorum
1193 1335 1227 1366 in
1252 1334 1355 1375 gloria

986 1385 1019 1413 et
1042 1385 1154 1414 sancta
1178 1381 1367 1415 tabernacla

988 1429 1067 1462 Cum
1090 1439 1208 1470 supera

986 1477 1144 1517 Quiritum
1170 1481 1308 1510 caterva.

986 1530 1074 1569 Quae
1098 1534 1207 1563 servat
1231 1539 1365 1564 amoena

986 1581 1019 1610 et
1042 1578 1113 1611 lilia
1137 1582 1233 1620 atque
1256 1579 1363 1611 vireta

986 1634 1115 1666 pascua.

984 1678 1124 1719 Martyr‚
1150 1679 1311 1719 tripudias

987 1728 1135 1767 exempla
1158 1730 1329 1768 reportans

988 1775 1111 1814 primus
1137 1777 1254 1817 opima.

880 1827 964 1860 Hb.
988 1826 1155 1869 Suffragiis
1182 1829 1322 1862 concede
1345 1837 1445 1871 regna

649 1879 705 1912 12
731 1877 769 1910 In
795 1880 915 1912 coelica
940 1880 1039 1914 curia.

267 1933 309 1961 Oa
334 1934 384 1962 fol.
411 1933 490 1963 5712.
516 1950 553 1955 —
578 1934 606 1962 D
634 1933 684 1962 fol.
712 1932 765 1962 101
782 1943 807 1962 a.
828 1951 866 1955 —
886 1934 939 1972 lb,
961 1933 979 1963 2
1003 1937 1048 1964 ire
1071 1939 1169 1965 castra
1187 1937 1225 1965 D.
1244 1953 1284 1958 —-
1304 1936 1354 1973 23,
1377 1937 1394 1967 6
1418 1938 1519 1967 saecla

188 1973 227 2001 D·
253 1986 292 1991 —-
315 1971 369 2006 2b,
391 1972 411 2000 4
434 1974 534 2010 palma
560 1973 641 2001 CaD.
670 1987 707 1991 —
732 1970 786 2008 2b,
810 1971 828 2001 6
851 1976 881 2001 et
898 1974 1033 2002 marcida
1053 1975 1098 2010 D3
1120 1976 1271 2004 amarcida
1291 1977 1342 2005 Ca.
1365 1991 1403 1997 -—
1424 1976 1476 2013 5b‚
1497 1976 1517 2005 2

189 2011 325 2038 meritum
345 2012 382 2040 D.
404 2027 441 2032 —
465 2012 516 2047 73,
537 2009 555 2039 3
577 2011 674 2039 rash’at
697 2011 748 2040 Ca.
768 2027 807 2032 —
829 2011 881 2049 710,
903 2010 922 2039 2
942 2012 980 2041 ad
999 2015 1030 2041 te
1050 2013 1107 2050 03,
1128 2022 1163 2041 ac
1182 2017 1298 2050 spectat
1313 2016 1352 2044 D.
1374 2032 1406 2037 —
1431 2014 1483 2052 82,
1498 2015 1518 2044 4

189 2049 326 2124 ιΙ-εὸ13Χ31ῐιε
345 2049 510 2116 {qi-{elitur-
534 2051 567 2077 in
588 2049 639 2077 Ca.
663 2066 700 2070 —
721 2048 772 2086 gb,
792 2050 811 2079 4
831 2034 1025 2080 tabernaclssa
1045 2036 1125 2080 Cas).
1146 2069 1186 2073 ——
1204 2051 1257 2089 93,
1280 2053 1295 2082 1
1319 2055 1402 2089 Quae
1421 2025 1483 2083 D.
1480 2070 1519 2075 ——

234 2096 251 2115 a
320 2097 355 2116 m
369 2098 377 2115 1
393 2096 410 2115 a

626 2143 688 2176 199.
710 2144 754 2175 Dc
773 2144 881 2176 sancto
903 2143 1071 2186 Stephano.

675 2201 706 2233 1.
736 2199 829 2233 Celsa
852 2200 1000 2240 polorum

734 2249 899 2281 continens
919 2252 1018 2290 astra,

907 2301 965 2336 2b.
991 2303 1191 2343 Angelorum

990 2359 1084 2384 voces
1106 2351 1249 2392 jubilant
1274 2351 1389 2393 claras5

988 2401 1149 2440 ardentes,
1175 2399 1385 2433 incendentes

987 2448 1190 2488 proclamant
1214 2448 1311 2481 laude
1334 2458 1408 2484 una.

215 2302 270 2335 aa.
297 2300 408 2341 Alpha
431 2308 577 2341 namque,

296 2358 355 2381 rex
377 2358 499 2391 regum,
526 2351 601 2381 ante
624 2349 731 2382 saecla

296 2398 422 2437 pollens
445 2397 542 2430 laude
566 2399 708 2437 aeterna,

297 2445 466 2487 Seraphim
492 2446 640 2479 consocia
