1655 2637
126 186 184 221 aa.
209 187 350 223 Adonai.
376 187 557 230 benedicte,

213 235 384 279 sapientia,
413 236 555 278 claritas,

822 189 882 222 ab.
903 188 973 221 Fac
996 197 1054 221 nos
1080 189 1221 229 gaudere
1243 188 1279 220 in
1303 195 1417 220 aevum

904 237 938 268 in
964 237 1035 270 aula
1062 240 1174 269 sancta
1197 239 1253 268 tua

625 306 681 339 10.
707 305 746 338 In
771 304 970 337 saeculorum

709 353 847 385 saecula.

203 436 228 464 B
253 437 303 465 fol.
332 435 390 465 234
404 438 431 466 b.
455 453 490 457 —
512 437 555 466 Ca
580 438 629 466 fol.
653 436 691 466 88
708 440 737 468 b.
757 455 797 460 —-
815 439 842 466 Ε
869 438 919 467 fol.
941 435 1033 466 258³.
1055 452 1093 457 —
1113 437 1137 464 F
1166 437 1216 465 fol.
1246 434 1299 464 109
1317 445 1342 464 a.
1364 451 1401 456 —
1424 436 1452 463 K

125 475 175 503 fol.
197 472 254 503 226
269 475 296 503 b.
318 492 356 497 --
375 476 403 503 L
431 476 481 504 fol.
505 475 560 504 147
573 484 599 504 a.
621 491 659 496 —-
683 476 714 508 1,
738 475 753 505 1
775 478 887 505 lumine
907 477 945 510 Ἐς
966 476 1068 504 limine
1089 475 1122 504 Β.
1143 489 1181 496 —·
1200 473 1257 504 31)Α
1279 473 1296 501 2
1318 475 1444 502 hominem

128 514 219 542 colles
246 515 279 542 B.
301 528 339 533 —
359 514 421 547 4a,
450 513 468 541 2
499 516 688 544 circumtecta
707 516 739 544 F.
761 532 799 536 —
819 515 881 547 4a,
908 517 925 543 ὃ
953 514 1073 543 erutflat
1093 514 1132 544 F:
1159 516 1189 543 ct
1217 514 1342 541 rutilant
1361 513 1397 541 K.
1415 528 1452 532 —-

124 549 181 587 4a,
201 551 222 580 4
240 552 317 580 mira
336 562 389 590 per
405 554 442 583 F:
465 562 549 582 mura
569 562 622 590 per
633 554 670 583 K.
694 569 728 574 -
749 553 769 581 4
781 555 809 588 b,
833 552 847 582 1
863 554 923 583 Ubi
937 553 998 581 EL.
1020 569 1058 574 -—
1081 552 1098 581 5
1110 560 1134 584 a.
1150 551 1168 580 2
1181 552 1235 580 illa
1250 551 1324 580 fehlt
1335 551 1400 579 ΕΚ.
1415 567 1453 570 -

126 589 189 625 51],
212 589 226 618 1
249 590 389 619 Ecclesia
407 591 493 620 firma
512 595 596 627 petra
618 593 697 620 dicta
718 595 838 621 aeterna
857 592 926 623 EL;
950 591 1035 620 Celsa
1057 591 1141 619 firma
1161 599 1236 629 quae
1256 593 1339 626 petra
1362 590 1394 618 F.
1416 605 1454 610 —

127 627 182 660 Ga,
204 627 218 656 1
241 629 290 657 Ex
308 631 387 658 vivis
408 632 559 667 petrisque
579 631 611 658 B.
628 646 666 651 ——
687 630 741 663 ea,
762 630 780 660 5
801 633 935 660 servatur
953 630 1016 658 EL.
1038 646 1076 650 —
1098 628 1152 663 62,
1174 628 1190 658 6
1212 630 1311 657 anima
1330 628 1368 657 B:
1390 629 1452 656 ani-

127 676 193 696 mae
213 668 249 700 F;
286 670 401 696 animas
421 668 484 697 EL.
506 684 545 689 —
565 668 627 704 6b‚
655 666 672 697 3
701 669 808 698 celsior
828 669 1017 699 BCaEFKL:

1049 680 1081 696 sn
1107 668 1181 696 fehlt
1209 669 1276 696 eine
1296 667 1377 696 Sillae
1406 674 1454 693 am

125 706 286 735 Versmass.
305 723 340 727 —
361 706 377 732 7
392 715 425 738 a,
450 706 462 734 l
484 708 620 736 Potestas
642 710 672 736 et
691 708 752 737 EF.
772 724 812 729 —
831 708 888 741 71),
909 706 927 735 2
948 711 1138 744 personantes
1162 707 1267 735 GaKL.
1287 721 1324 725 —-
1345 703 1404 739 8a,
1437 705 1450 733 1

126 745 360 782 metuendusque
381 745 496 774 BEKL.

152 1069 208 1100 2a.

151 1271 210 1303 Sa.

151 1425 209 1458 4a.

153 1627 208 1659 5a.

154 1782 209 1814 6a.

156 1935 211 1969 7a.

149 2140 206 2173 Sa.

151 2246 208 2280 9a.

518 873 588 904 223.
628 872 665 904 In
684 871 887 904 Deuieatione
907 871 1077 903 Ecclesiae.

555 964 587 997 1.
613 963 668 995 Ad
692 963 805 1003 templi
830 962 925 1003 hujus
951 962 1062 994 limma

612 1011 764 1044 dedicata

237 1067 436 1101 Gaudiorum

235 1116 348 1148 laudes
375 1124 475 1148 ovans

232 1163 327 1203 plebs
351 1163 470 1196 devota

236 1214 419 1253 concrepat,

237 1268 390 1301 Fundata
416 1268 499 1301 enim

234 1320 285 1349 est
311 1317 423 1350 <lomus
447 1317 514 1349 ista
537 1326 637 1357 supra

232 1365 388 1398 montium
413 1365 577 1397 cacumina

238 1423 321 1455 Nam
347 1424 427 1455 haec
453 1425 502 1454 est
526 1431 642 1465 magna

233 1471 449 1510 Hierusalem,

237 1519 351 1552 civitas
377 1518 503 1551 scilicet

236 1568 295 1600 illa
319 1576 470 1609 superna,

234 1626 328 1659 Haec
353 1627 403 1657 est
426 1624 487 1657 illa

236 1673 383 1706 coelestis
408 1673 492 1715 aula,

241 1722 427 1763 angelorum
456 1721 573 1762 patria,

236 1780 336 1813 Dicta
361 1783 411 1812 est
436 1789 517 1821 quae

235 1828 326 1868 pacis
351 1828 444 1869 visio,

235 1877 313 1910 urbs
341 1876 426 1909 celsa
448 1876 637 1910 Jerusalem.

239 1935 308 1975 Qua
333 1934 422 1967 Deus
448 1944 583 1976 quoque,
611 1944 750 1967 summus

234 1991 294 2016 rex
317 1992 416 2024 super
441 1991 550 2017 omnes
574 1993 668 2024 unus,

237 2031 373 2064 celsiore
396 2033 431 2064 in
455 2033 573 2065 throno

233 2081 403 2120 praesidet
426 2081 492 2114 ino.

233 2136 421 2171 Indefessas
445 2147 542 2171 voees

233 2187 331 2221 laude
354 2187 538 2228 persultant
565 2187 707 2227 coelituS‚

237 2245 449 2279 Venerandus

231 2297 281 2326 est
306 2303 383 2336 ergo
409 2295 511 2334 locus,

229 2343 375 2376 noscitur
399 2343 456 2376 ubi
480 2351 633 2385 praeesse

233 2392 365 2425 numina
389 2393 479 2426 talia.

845 1067 904 1102 2b.

845 1268 904 1302 312.

844 1422 902 1455 4b.

848 1624 905 1657 5b.

849 1779 907 1812 6b.

850 1934 907 1968 7b.

847 2138 908 2172 8b,

847 2245 907 2279 910.

929 1067 1099 1099 Hodierna

930 1116 982 1147 die
1007 1114 1081 1155 quia

929 1162 1022 1196 adest
1045 1160 1130 1194 festa

929 1220 1046 1245 annua.

926 1268 972 1300 Et:
996 1268 1137 1300 exaltata

928 1318 979 1348 est
1002 1324 1100 1357 super
1125 1325 1236 1348 omnes
1262 1316 1361 1348 colles

928 1367 1092 1396 structura
1117 1364 1240 1399 deifica.

930 1422 983 1454 Ex
1008 1430 1086 1454 auro
1112 1421 1232 1454 mundo

929 1470 1140 1502 circumtexta

928 1519 1125 1559 gemmisque
1154 1519 1266 1551 rutilat

929 1567 1013 1599 muri
1037 1575 1098 1607 per
1123 1566 1241 1607 ampla.

927 1624 1080 1656 Ecclesia

928 1671 1085 1713 firmaque
1110 1676 1205 1714 petra

930 1723 1125 1761 aeternaque
1150 1721 1263 1761 gloria.

928 1779 982 1811 Ex
1007 1779 1151 1819 vivisque

931 1827 1033 1867 petris
1059 1827 1195 1860 struitur

931 1875 1098 1908 beatorum
1124 1876 1250 1909 animis.

932 1933 1012 1966 Sunt
1037 1934 1208 1974 majestate
1235 1943 1342 1968 coram

929 1984 1065 2015 virtutes
1091 1987 1186 2023 atque
1212 1987 1370 2028 perstant,

929 2031 1062 2072 gloriari
1088 2035 1215 2072 oportet

931 2080 1060 2122 agmina
1085 2084 1208 2114 saneta.

930 2137 1045 2171 Gloria
1069 2141 1102 2170 et
1126 2147 1261 2180 regnum

929 2187 979 2219 illi
1003 2196 1064 2227 per
1089 2188 1197 2220 saecla
1224 2188 1426 2229 depromant.

929 2245 1127 2278 Adorandus

930 2298 981 2326 est
1003 2294 1091 2327 idem
1115 2294 1216 2337 Deus,

929 2342 1094 2384 imperans
1121 2344 1246 2376 coelum
1271 2347 1303 2377 et
1328 2349 1449 2379 terram

932 2394 1109 2433 cunctaque
1133 2393 1248 2425 maria.

1226 2447 1287 2479 16*
