1655 2637
733 98 991 134 —135-

631 212 696 245 120.
731 213 775 245 De
796 212 944 245 Omnibus
965 213 1096 245 Sanctis.

204 302 264 335 la.
291 302 339 334 Te
363 303 558 335 conlaudant
577 303 703 343 agmina
897 302 955 336 lb.
980 303 1093 336 Proles
1115 300 1289 342 unigenita,

287 351 452 383 manentia
981 360 1051 382 cum
1075 351 1169 391 patre
1190 357 1317 389 semper

289 399 324 431 in
349 401 481 431 aeterna
504 398 636 440 palatia,
982 399 1133 431 diuturna
1156 405 1216 437 per
1241 399 1397 437 tempora.

205 456 262 489 2a.
290 456 339 488 Tu
365 456 449 489 enim
475 459 602 489 constas
897 456 956 490 21).
981 455 1077 496 CuJ'us
1102 454 1135 487 in
1162 462 1261 494 regna

291 507 404 544 optata
426 504 546 536 sanctis
572 505 686 545 gloria,
979 504 1141 544 poscimus
1166 510 1274 534 omnes
1299 510 1417 542 supera

292 551 366 585 illos
392 560 519 592 semper
544 551 730 585 beatificans
981 553 1142 592 compotes
1168 548 1248 589 fieri,
1274 558 1359 581 nunc
1383 551 1494 581 nostra

290 600 415 633 visione
438 603 495 633 tua
980 599 1200 640 persolventes
1228 597 1336 630 debita

289 648 386 681 valde
411 648 599 682 clarissima.
981 650 1087 680 mente
1116 646 1239 678 devota.

208 707 266 739 Sa.
296 705 438 745 Captans
464 714 541 737 aure
564 705 622 738 illa
898 705 958 739 3b.
981 706 1020 738 In
1046 714 1108 745 qua
1129 703 1301 735 melodiam

286 753 354 793 jam
380 753 512 793 placida
985 751 1167 785 dulcifluam

291 801 474 833 contribuas
982 801 1126 841 angelica

289 850 495 891 repromissa,
982 849 1041 880 tibi
1068 849 1198 881 cantant

291 897 430 938 petimus
456 907 476 930 a
500 900 542 940 te,
569 898 685 938 patria.
982 896 1119 929 Domino
1145 895 1272 928 Christo
1298 894 1425 935 agmina

660 966 690 998 5.
717 965 830 997 Omnia
853 973 913 1004 per
939 964 1077 996 saecula.

284 1049 307 1076 B
328 1048 378 1076 fol.
400 1046 491 1077 230a.
513 1065 549 1069 —
572 1049 599 1076 D
621 1048 670 1076 fol.
694 1046 784 1076 1031).
805 1063 842 1066 —
863 1048 890 1075 E
911 1048 961 1075 fol.
982 1045 1038 1076 319
1048 1055 1073 1075 a.
1093 1060 1132 1066 -—
1151 1046 1181 1073 K
1196 1045 1245 1073 fol.
1269 1043 1356 1073 15811.
1435 1043 1461 1073 11
1481 1045 1531 1073 fol.

207 1085 298 1114 1141).
320 1101 357 1106 -
379 1085 432 1122 lb,
455 1085 470 1114 1
491 1088 623 1124 unigena
636 1087 708 1115 B-L.
725 1103 763 1106 —
785 1086 836 1122 lh,
858 1084 876 1114 3
895 1095 949 1122 per
962 1088 1096 1123 tempora
1109 1084 1182 1112 fehlt
1195 1085 1228 1112 B.
1243 1101 1252 1104 -
1301 1082 1353 1119 2a,
1374 1081 1392 1111 2
1445 1085 1533 1112 beata

206 1127 316 1153 sanctis
330 1125 363 1152 Β.
384 1141 422 1145 ——
443 1123 492 1159 9a,
513 1123 531 1153 3
552 1124 704 1153 beatificas
714 1126 752 1153 D.
774 1141 811 1145 ——
831 1123 885 1159 21),
906 1124 925 1152 4
947 1125 1061 1152 devota.
1082 1139 1120 1144 ——
1143 1121 1194 1157 21),
1215 1122 1232 1151 5
1255 1123 1362 1151 debita.
1442 1120 1494 1157 3a,
1513 1121 1534 1150 4

205 1165 383 1200 repromisso
403 1164 441 1191 D.
461 1179 501 1183 —
520 1161 572 1199 31),
594 1163 612 1191 4
632 1166 742 1191 canant
760 1164 797 1191 D.
817 1179 857 1183 —-
877 1163 894 1191 5
914 1163 989 1191 fehlt
1009 1163 1046 1191 D.

661 1295 715 1327 1:21.
747 1295 790 1327 De
811 1295 918 1326 sancto
939 1294 1077 1325 Andrea.

207 1385 223 1417 1
236 1394 265 1419 a.
293 1383 502 1426 Praefulgida
900 1385 958 1418 lb.
980 1385 1138 1425 Angelica

290 1433 358 1465 dies
383 1436 496 1476 exstat,
981 1433 1068 1464 inter
1095 1432 1182 1465 clara

290 1481 439 1513 Andreas
983 1481 1110 1521 agmina

290 1538 352 1569 qua
376 1530 536 1569 tripudiat
982 1532 1055 1569 post
1080 1528 1216 1569 vestigia

207 1588 267 1619 2a.
297 1587 383 1627 Agni
408 1587 545 1619 reboans
572 1588 700 1620 cantica
899 1587 959 1620 2³0.
987 1586 1083 1619 Jussa
1109 1586 1206 1618 dans:
1233 1586 1330 1618 modo
1354 1588 1464 1619 terrea

294 1635 450 1667 concinna
461 1644 467 1673 ;
983 1635 1067 1668 retia

291 1691 385 1723 quem
411 1681 515 1715 fratre
539 1693 558 1716 a
582 1685 727 1724 procella
985 1686 1016 1715 et
1042 1684 1157 1715 cuncta
1180 1682 1402 1715 blandimenta

293 1731 442 1763 Thetidis
468 1741 533 1763 una
559 1736 713 1765 convocat
985 1732 1096 1764 mundi
1121 1730 1266 1771 linquite,
1294 1731 1359 1764 alia

291 1788 370 1811 voce
391 1780 526 1820 propria
985 1783 1146 1813 sectantes
1172 1779 1273 1812 lucra.

209 1839 266 1871 32.
295 1837 468 1869 Hominum
493 1838 622 1870 turbam
902 1837 962 1872 3b.
984 1837 1072 1878 Ergo
1098 1834 1243 1869 fraterna

292 1886 379 1918 orbis
403 1895 463 1927 per
487 1886 590 1918 maria
986 1886 1094 1919 divino
1119 1884 1232 1917 intima

293 1935 400 1975 capite
423 1935 501 1969 lata.
987 1935 1094 1967 calore
1118 1941 1202 1966 nexa

208 1994 265 2028 42..
293 1994 413 2026 Parent
438 1993 568 2033 monita,
901 1992 961 2026 410.
984 1992 1045 2033 Qui
1070 1992 1279 2026 circumcirca

291 2041 514 2082 praepotentis
542 2042 657 2075 dextra
986 2040 1127 2074 ferentes
1154 2041 1304 2082 dogmata

289 2090 357 2122 lina
984 2099 1068 2122 nova

292 2148 427 2180 quorum
452 2139 550 2180 plena
986 2139 1082 2171 valde
1105 2138 1188 2171 mira

292 2188 389 2220 ducta
411 2197 471 2228 per
497 2188 639 2228 compita
984 2186 1185 2229 peragebant
1207 2188 1297 2229 signa

290 2239 365 2269 sunt
388 2236 514 2269 telluris
538 2236 716 2277 perampla.
986 2236 1115 2269 deitatis
1143 2236 1255 2277 gratia.

206 2296 263 2329 52..
292 2295 377 2328 Nam
404 2293 522 2327 defleta
903 2294 961 2329 5b.
985 2294 1194 2329 Incommode.

288 2344 417 2385 lucique
442 2342 554 2377 functa
986 2353 1047 2376 nec
1070 2352 1136 2377 non
1161 2343 1268 2376 omnia

287 2393 469 2426 reddebant
496 2402 633 2435 corpora
986 2393 1153 2434 pellebant
1177 2392 1310 2433 pericla.
