1655 2637
192 185 249 218 Sa.

194 495 251 527 4a.

195 755 251 787 ὕει.

193 1159 249 1191 6a.

195 1324 249 1356 7a.

194 1677 249 1710 8a.

195 1836 254 1868 9a.

170 2141 250 2175 loa.

169 2302 210 2336 11
220 2311 249 2336 a.

702 91 966 127 —219—

277 183 412 219 Cantica
434 196 553 229 nempe
576 193 729 222 resonant

277 232 402 268 dulcia:

273 281 402 315 trinitas

276 333 388 363 sancta
413 341 452 364 ac
475 341 563 375 vera,

277 377 321 409 sit
345 380 451 419 gratia

276 429 382 459 tecum
406 429 505 469 plena
529 438 589 471 per
614 431 730 463 saecla.

280 493 407 533 Quanta

277 550 295 573 o
322 546 432 576 sancte
456 547 560 584 pater,

280 598 411 623 consors
436 601 562 633 magna,

276 638 338 670 tibi
362 640 453 671 milia
476 640 567 672 mille
592 641 701 673 adstat

277 689 353 718 ante
377 690 409 719 te
436 691 573 721 caterva.

277 753 392 786 Mente
416 763 500 794 pura

278 804 375 842 atque
402 802 528 836 devota.

277 849 339 881 Via
363 850 420 882 lux
444 851 565 883 veritas

276 907 405 938 paxque
430 901 558 931 tuorum

277 946 386 978 omnia
410 955 470 987 per
495 950 651 990 tempora,

276 993 349 1026 Lux
373 1003 461 1037 vera,

276 1042 357 1074 lucis
385 1043 426 1075 cle
449 1043 522 1074 luce
548 1051 736 1076 corruscans

275 1090 419 1131 lucerna,

278 1157 338 1196 Qui
363 1160 484 1190 terram
509 1167 548 1191 ac
572 1159 685 1199 maria,

277 1214 404 1246 supera,
431 1205 546 1247 infera,
574 1206 668 1238 simul

276 1257 387 1294 tegens
413 1255 530 1296 omnia,

279 1322 303 1355 O
330 1321 468 1362 pulchra

274 1370 486 1402 tabernacula
510 1372 647 1410 sacrata,

278 1428 372 1459 quam
399 1421 486 1451 casta

274 1467 398 1499 intacta

275 1513 414 1556 refulget

276 1563 388 1595 orbem
412 1566 575 1596 terramm
600 1563 643 1595 de
664 1566 771 1596 matre

276 1612 393 1644 Maria.

277 1674 374 1707 Alma
399 1673 539 1715 genitrix
569 1673 707 1715 domina,

276 1722 443 1755 intercede
467 1731 527 1762 pro
552 1725 735 1756 nostrorum

274 1771 429 1814 pondera,

280 1833 453 1866 Abluendo
479 1834 559 1866 vitia

277 1881 323 1914 Et
346 1883 410 1922 piis
435 1882 587 1922 precibus
613 1882 689 1914 almi

279 1929 436 1971 Stephani
458 1930 611 1971 martyris

278 1979 428 2012 relaxans
453 1978 642 2020 peccamina

276 2027 459 2060 Praeterita

279 2076 367 2108 dilue
393 2076 537 2112 crimina.

279 2139 442 2180 Quidquid
467 2140 502 2172 in
529 2140 590 2172 hac
614 2139 682 2173 vita

274 2197 333 2221 nos
360 2188 492 2230 egimus,

275 2237 362 2270 mala
385 2246 446 2278 per
471 2240 545 2270 acta
570 2238 717 2277 tempora

276 2300 349 2333 Non
377 2309 449 2334 cum
472 2300 646 2342 impiorum

274 2358 383 2382 eorum

277 2399 465 2432 damnemur
488 2407 597 2443 opera,

889 191 948 225 310.

890 498 949 532 4b.

893 757 951 791 5b.

890 1160 949 1193 6b.

892 1323 950 1356 7b.

891 1675 950 1709 8b.

890 1835 951 1868 eb.

867 2140 949 2174 1012.

867 2300 908 2334 11
919 2301 951 2334 b.

970 191 1162 231 Apostolica
1182 191 1295 224 reboat

973 243 1112 278 caterva,

973 288 1113 320 exsultat

970 338 1148 376 martyrum
1172 336 1288 377 palma,

972 383 1190 416 confessorum

970 432 1086 464 merita
1112 432 1323 465 sanctissima.

979 498 1100 531 Cuncta

971 545 1097 588 fulgent
1121 546 1173 578 die
1198 556 1236 579 ac

972 598 1065 627 nocte
1090 597 1159 626 tota

972 643 1099 684 agmina
1124 646 1307 675 sanctorum
1332 642 1459 675 fuscata

971 691 1061 723 nulla
1084 691 1236 731 nequitia.

974 758 1122 791 Laudum
1146 758 1233 790 laeta

973 807 1049 839 audi
1077 806 1227 838 carmina.

972 854 1090 887 Preces
1117 857 1148 885 et
1172 863 1306 886 munera

973 902 1034 934 hac
1061 904 1153 935 domo
1179 911 1272 934 sacra

973 951 1101 991 suscipe
1124 958 1184 990 per
1209 951 1337 983 saecula

972 999 1117 1030 Aeterna

974 1046 1008 1077 in
1032 1045 1139 1086 patria
1163 1047 1362 1078 servulorum

974 1094 1088 1134 gratia.

973 1160 1135 1193 Relaxans
1161 1158 1306 1193 facinora

973 1209 1107 1241 contulit
1131 1208 1223 1240 nobis
1249 1209 1291 1241 ad
1317 1209 1385 1242 alta

971 1257 1118 1296 pandens
1144 1257 1271 1297 gaudia.

975 1324 1074 1356 Porta
1098 1332 1131 1355 es

973 1372 1007 1403 in
1034 1372 1127 1404 domo
1153 1371 1215 1404 Dei
1240 1372 1347 1412 posita

975 1420 1111 1452 rutilans

972 1468 1104 1509 intacta,

972 1516 1069 1548 labiis

972 1565 1006 1597 in
1027 1565 1156 1605 tuisque
1180 1567 1231 1596 est
1255 1564 1371 1598 diffusa

974 1613 1089 1655 gratia.

973 1676 1146 1708 Fermento
1171 1684 1287 1716 nempe
1311 1675 1414 1708 veteri

972 1724 1082 1756 azimis
1108 1723 1303 1757 sinceritatis

974 1772 1092 1805 innova

973 1834 1163 1867 Praesentia
1188 1835 1229 1867 de
1253 1835 1322 1868 vita

974 1883 1087 1924 Regna
1113 1884 1253 1916 concede
1277 1883 1373 1917 beata

974 1935 1158 1964 sanctorum
1183 1933 1216 1964 in
1242 1932 1346 1973 gloria

975 1983 1007 2012 et
1032 1982 1145 2013 sancta
1169 1980 1359 2013 tabernacla

973 2028 1171 2062 Futurorum

972 2078 1126 2110 bonorum
1150 2079 1319 2118 promissa.

974 2140 1192 2173 Judicandum
1217 2142 1280 2174 tuis

974 2188 1067 2221 bonis
1092 2189 1176 2222 bona

974 2240 1051 2270 tunc
1075 2237 1290 2279 possidebunt
1312 2240 1469 2280 praemia.

976 2301 1042 2335 Sed
1069 2309 1139 2333 cum
1162 2301 1259 2341 justis
1284 2302 1352 2335 alta

971 2350 1014 2383 ad
1039 2349 1149 2391 ampla

974 2399 1144 2432 tendamus
1168 2398 1306 2432 moenia.
