1655 2637
140 402 196 433 2a.

139 508 186 541 3a

139 712 194 744 4a.

138 964 192 996 5a.

137 1465 193 1498 7a.

136 1621 191 1653 8a.

136 1776 192 1808 9a.

112 1931 193 1965 loa.

112 2186 191 2220 lla.

654 103 919 139 ——239—

499 216 561 248 219.
591 215 636 248 De
658 215 814 249 Communi
835 216 928 249 unius
950 216 1066 250 Sancti.

584 298 617 331 1.
645 297 670 330 Ο
698 298 784 330 alma
807 297 947 339 trinitas,

642 345 730 377 Deus
756 355 789 378 es
816 347 848 377 et
872 346 990 387 unitas,

224 401 285 441 Qui
309 401 434 434 resides
461 411 579 443 supera

225 451 256 481 et
283 450 387 482 cernis
412 448 534 490 infima,

219 507 418 548 Angelorum
440 517 566 549 quoque
590 508 699 541 adstat

224 555 284 588 tibi
310 555 439 597 agmina

224 602 370 636 clariflua

223 654 275 684 sat
299 652 405 685 beata.

224 708 407 742 Clamantes

226 761 322 799 atque
349 758 507 790 dicentes:

223 805 371 849 Sanctus,

221 857 351 887 sanctus
378 853 477 894 Deus,
505 855 560 895 qui
586 862 701 894 regnas

220 911 280 943 per
305 902 413 935 omnia
437 905 595 943 tempora.

220 961 432 993 Patriarchae
458 969 530 992 cum
554 959 700 1001 pulchris

222 1010 348 1041 coronis
373 1008 407 1041 in
435 1008 572 1040 circuitu

221 1057 307 1089 sedis
333 1060 408 1090 tuae

222 1106 339 1138 sedent
362 1106 395 1137 in
422 1104 516 1137 albis.

187 1190 193 1197 .
216 1164 401 1204 Martyrum
418 1163 600 1202 proclamat
618 1161 750 1194 chorus:

218 1211 330 1252 Alpha
355 1214 387 1243 et
411 1206 457 1252 Ω,

219 1269 277 1292 rex
299 1268 412 1301 regum
435 1259 530 1300 bone,

219 1309 282 1349 via,
310 1310 386 1352 vita,
414 1308 528 1347 virtus,

220 1357 350 1389 trinitas
376 1359 489 1388 sancta

220 1414 253 1437 es
279 1404 461 1438 benedicta.

218 1463 340 1496 Tecum
362 1464 398 1495 in
420 1462 535 1494 aethra

220 1512 365 1552 Alleluja
392 1510 601 1543 decantantes

220 1569 291 1592 cum
316 1568 465 1601 pneuma,

219 1618 403 1651 Sillabatim
429 1626 501 1649 cum
526 1625 648 1657 organa

217 1667 312 1707 plebs
336 1666 493 1700 nonnulla

218 1718 405 1756 perstrepet
429 1713 571 1746 melodia

221 1774 363 1814 Quorum
388 1782 453 1805 non
478 1772 537 1812 sol,
564 1772 642 1804 luna

221 1823 280 1856 sed
307 1823 455 1857 Christus

217 1880 296 1904 vera
322 1875 372 1903 est
395 1870 539 1903 lucerna.

222 1929 301 1963 Cum
328 1929 444 1971 quibus
471 1931 503 1960 et
524 1928 665 1960 rutilans

220 1982 391 2011 coronatus

217 2028 250 2060 in
278 2036 340 2060 axe
364 2026 489 2059 athleta

221 2076 416 2109 candidatus

217 2134 366 2166 purpura
390 2123 572 2164 praeclara,

221 2184 246 2217 Ο
273 2184 358 2216 alme
383 2184 481 2222 atque
506 2181 656 2222 gloriose,

217 2233 359 2273 impetra

217 2281 311 2314 nobis
337 2278 583 2320 indulgentiam,

841 403 899 436 21).

841 508 899 541 31).

925 403 1056 436 Claudis
1081 404 1204 445 pugillo
1231 405 1345 437 cuncta

925 451 983 483 sub
1011 451 1093 485 coeli
1117 450 1253 487 factura.

924 508 1096 542 Cherubim
1121 512 1216 550 atque
1243 509 1412 550 Seraphim

920 557 988 596 jam
1012 565 1098 590 nunc
1121 558 1270 590 intonant

924 605 1097 645 praeconia

922 662 1002 685 voce
1026 661 1152 686 sonora.

838 709 898 742 4b.
918 711 1083 743 Ardentes

839 959 896 994 5b.

838 1160 896 1194 6b.

838 1461 896 1494 7b.

838 1615 897 1649 812.

840 1770 898 1804 9b.

816 1925 899 1961 leb.

817 2178 899 2213 1112.

923 762 1020 799 atque
1046 762 1212 791 cernentes

922 806 1086 839 Christum

921 854 1095 887 Dominum
1120 855 1288 887 laudantia

922 911 983 942 per
1007 903 1138 935 saecula
1163 904 1299 945 agmina.

919 960 1150 1000 Apostolorum
1177 961 1292 993 chorus

920 1008 1153 1048 prophetarum
1178 1008 1353 1042 laudabilis

922 1058 1082 1088 exercitus

921 1107 954 1136 te
980 1104 1175 1137 collaudant.

920 1161 945 1194 O
973 1162 1061 1202 Jesu,
1089 1170 1207 1194 corona
1231 1164 1353 1202 nostra,

923 1210 1013 1250 cujus
1039 1209 1127 1242 clara

919 1258 1057 1291 rutilant
1084 1258 1178 1297 dona,

922 1307 992 1346 quis
1017 1309 1168 1338 aeternae
1193 1307 1278 1339 vitae

923 1354 1148 1395 consequimur

920 1412 1038 1444 magna
1065 1403 1220 1444 praemia,

920 1461 988 1501 Quo
1014 1463 1091 1494 vota
1115 1463 1239 1504 nostra,

922 1519 1054 1550 annuas,
1081 1509 1218 1541 tendant
1243 1507 1364 1542 affatim

922 1558 1059 1591 sincera.

918 1616 964 1648 Et
988 1623 1068 1648 voce
1094 1616 1182 1648 clara
1206 1615 1419 1657 proclamant,

922 1673 1018 1704 quam
1043 1665 1140 1697 beata

922 1716 1107 1745 sanctorum
1130 1716 1204 1745 sunt
1230 1712 1367 1754 agmina.

924 1770 1002 1803 Cum
1028 1779 1089 1811 quo
1115 1769 1240 1811 fulgent
1265 1769 1351 1803 alma

922 1822 958 1851 ut
982 1820 1069 1852 inter

922 1866 1041 1900 lucifer
1064 1867 1185 1902 nubila.

923 1925 1072 1959 Sociatus
1099 1934 1171 1958 cum
1195 1927 1323 1967 agmina

923 1975 1103 2007 trinitatem

923 2027 1036 2056 sancta
1060 2023 1227 2056 cernentia

922 2072 956 2104 in
982 2071 1086 2114 gloria

923 2123 1056 2153 aeterna
1082 2129 1153 2152 cum
1177 2121 1296 2161 palma.

923 2179 968 2213 Ut
995 2188 1065 2211 cum
1090 2178 1229 2211 Domino
1254 2187 1436 2212 mereamur

924 2228 1067 2269 gaudere

922 2286 982 2318 per
1008 2272 1145 2322 [omnia]
1172 2277 1311 2309 saecula.

185 2349 210 2377 B
231 2349 283 2378 fol.
312 2346 369 2377 228
391 2354 417 2374 a.
445 2361 484 2365 —
510 2346 554 2374 Ca
578 2345 628 2374 fol.
658 2342 713 2373 127
741 2353 768 2373 a.
795 2360 835 2364 —
858 2344 887 2372 D
908 2344 959 2372 fol.
984 2342 1039 2373 120
1059 2344 1088 2372 b.
1109 2359 1148 2362 —
1170 2343 1197 2371 E
1218 2343 1266 2371 fol.
1289 2340 1346 2371 285
1366 2344 1396 2372 b.
1416 2358 1455 2362 -

108 2390 134 2418 F
153 2388 204 2418 fol.
227 2386 281 2416 101
304 2396 330 2416 a.
351 2400 392 2406 —-
412 2383 438 2414 Gr
457 2385 509 2414 fol.
533 2383 587 2414 199
610 2384 638 2413 b.
667 2399 704 2403 —
727 2384 759 2412 K
777 2384 828 2412 fol.
850 2381 906 2412 183
929 2392 954 2411 a.
975 2399 1015 2403 —
1033 2384 1061 2411 L
1080 2383 1131 2410 fol.
1153 2380 1210 2410 122
1230 2383 1258 2411 b.
1292 2396 1327 2400 —
1355 2383 1385 2410 N
1405 2383 1456 2411 fol.

110 2427 166 2457 120
188 2436 214 2455 a.
235 2442 274 2446 —
295 2426 320 2455 O
341 2426 392 2454 fol.
414 2423 449 2452 27
472 2425 501 2453 b.
528 2440 567 2444 —
592 2424 618 2453 P
637 2424 689 2452 fol.
709 2421 747 2452 73
766 2424 795 2452 b.
823 2437 861 2443 -—
889 2422 914 2456 Q
935 2423 987 2451 fol.
1009 2421 1044 2451 91
1067 2422 1096 2450 b.
1119 2437 1157 2441 —
1178 2420 1231 2454 2a,
1254 2420 1269 2450 1
1294 2429 1402 2458 supera
1423 2421 1456 2451 Gr.
