1655 2637
134 194 166 227 6.

131 1244 178 1276 2a

131 1398 188 1430 3a.

130 1601 186 1634 4a.

131 1805 185 1837 5a.

128 1960 185 1993 62.

130 2067 175 2099 'Ya

672 121 721 127 —-
771 102 840 137 273
890 122 938 127 ——-

194 193 244 226 Tu
268 195 354 237 regis
381 198 471 229 astra
495 206 595 238 supra

193 245 291 282 atque
313 242 349 274 in
374 247 464 276 terra
487 244 584 287 infra,

192 293 227 322 tu
253 291 415 330 gubernas

193 346 322 378 semper
347 340 415 372 alta

190 387 291 419 maris
315 386 512 421 habitacula.

159 471 165 477 .
191 444 281 485 Ergo
305 443 367 476 tibi
393 444 516 479 referat

190 494 306 525 nostra
328 493 473 526 melodia

192 541 323 581 gratias,

157 621 165 630 .
190 597 357 630 Poscimus
383 606 521 639 namque

193 645 395 678 clementiam

190 697 278 725 tuam
308 696 463 735 sanctam,

190 745 227 774 ut
251 742 451 783 gratulantes

191 791 290 822 simus
313 791 348 822 in
372 790 451 823 sede

189 838 294 871 beata.

859 201 891 236 9.

834 497 889 530 10.

917 200 982 234 Ubi
1006 201 1062 233 lux
1089 203 1137 233 est
1163 199 1273 233 divina

917 252 1013 289 atque
1039 249 1223 289 angelorum
1247 247 1374 289 gaudia,

915 296 972 329 ubi
996 296 1110 329 laudat

917 348 951 376 te
976 346 1090 376 cuncta

916 392 1063 432 polorum
1090 396 1221 424 caterva

917 440 1067 480 plurima.

917 496 1028 537 Quem,
1055 505 1165 529 omnes
1190 497 1420 537 supplicamus,

917 545 1023 585 capiat

914 591 997 624 fides
1021 595 1134 625 nostra

833 648 888 683 11.
911 651 1020 689 Atque
1044 650 1208 681 valeamus

916 698 950 729 in
977 696 1073 729 coelis
1099 696 1270 738 gloriosam

916 753 1108 785 permanere
1132 744 1311 785 angelicam

915 794 1014 826 vitam
1040 802 1100 834 per
1126 796 1241 825 cuncta

916 850 1044 881 semper
1069 841 1198 873 saecula
1222 841 1431 873 saeculorum.

208 905 232 933 B
253 904 304 932 fol.
325 901 383 931 202
405 912 430 932 a.
456 919 494 923 —
515 902 542 938 5,
564 903 582 933 3
602 904 669 932 laus
690 907 801 933 nostra.
832 924 853 927 -
882 906 907 940 7,
930 905 948 934 3
969 908 1075 943 gratia.
1103 922 1139 925 —
1160 906 1289 934 Melodie
1309 907 1402 934 bietet
1420 906 1469 934 die

129 942 326 971 Handsehrift
338 942 444 978 keine3
466 951 519 971 aus
535 943 602 971 dem
613 943 692 971 Text
704 944 796 972 allein
810 945 852 972 ist
866 945 913 973 ein
928 944 1152 973 Pal-allelismus
1174 945 1258 973 nicht
1271 944 1466 977 aufzufinden,

128 981 234 1049 {2323}
236 981 462 1048 tg{1eent:olgende
476 982 696 1019 Umarbeitung
709 982 958 1011 wahrscheinlich
979 982 1199 1019 stattgefunden
1218 983 1277 1017 hat,
1299 991 1349 1011 um
1366 983 1468 1011 diesen

585 1075 654 1106 258.
685 1074 785 1106 Prosa
805 1074 1019 1107 Dominicalis.

645 1137 676 1169 1.
705 1135 845 1176 Christe,
871 1138 929 1168 tua

704 1183 834 1225 agmina
853 1183 997 1224 jubilant

180 1267 186 1274 .
214 1242 302 1276 Voce
326 1242 495 1283 praecelsa

211 1290 272 1323 tibi
298 1294 411 1323 sancta

212 1339 245 1371 in
272 1339 402 1371 saecula
428 1338 626 1379 sempiterna

214 1396 262 1429 Te
288 1396 372 1429 enim
399 1397 470 1429 laus
497 1399 528 1429 et
554 1396 658 1437 gloria

216 1445 310 1477 decet
336 1446 452 1477 cuncta

212 1501 272 1534 per
296 1494 428 1526 saecula

214 1546 311 1582 atque
335 1544 484 1582 tempora
509 1539 672 1574 diuturna.

213 1599 264 1632 Tu
288 1599 375 1641 regis
402 1600 492 1631 astra
517 1606 618 1637 supra

214 1650 246 1680 et
273 1650 396 1681 terram
420 1645 509 1679 infra
534 1646 607 1687 sita,

215 1700 250 1728 tu
276 1696 437 1737 gubernas
463 1698 561 1736 atque
586 1693 654 1727 alta

212 1745 311 1777 maris
335 1744 509 1777 habitacla.

212 1803 301 1844 Ergo
326 1802 388 1835 tibi
411 1804 525 1834 nostra

213 1855 344 1884 caterva

210 1898 335 1933 referat
359 1907 489 1941 semper
514 1897 646 1940 gratias,

212 1959 325 1999 Quam,
353 1965 464 1990 omnes
487 1955 639 1997 petimus,

214 2008 324 2048 capiat
346 2005 430 2038 fides
456 2009 579 2045 nostra,

178 2090 184 2096 .
212 2065 405 2106 Angelicam

210 2114 245 2146 in
271 2112 370 2146 coelis
397 2120 515 2152 capere
539 2111 640 2144 vitam

832 1242 891 1274 2b.

831 1396 890 1430 3b.

831 1598 891 1631 4b.

832 1802 891 1835 5b.

831 1958 889 1990 ὅθ,

833 2063 892 2096 7b.

914 1241 1044 1274 Laudes
1069 1250 1130 1281 per
1155 1251 1235 1275 arva

914 1299 1038 1330 perque
1062 1291 1170 1322 saecla

915 1347 954 1370 ac
980 1338 1069 1370 clara
1094 1338 1291 1371 habitacula.

913 1396 964 1428 Tu
990 1400 1126 1428 crimina
1150 1395 1240 1428 lavas
1266 1399 1377 1428 nostra

915 1447 1011 1485 atque
1037 1447 1154 1477 cuncta

914 1491 1062 1525 facinora

914 1541 1042 1581 peccati
1068 1543 1246 1581 cunctaque
1270 1540 1404 1581 pericla.

914 1598 965 1631 Tu
990 1599 1060 1631 sine
1083 1598 1159 1631 labe
1184 1599 1285 1631 vitam

911 1646 1008 1687 justis
1037 1647 1094 1679 das
1121 1650 1154 1679 et
1178 1650 1341 1679 aeternam

915 1699 1011 1736 atque
1036 1696 1107 1727 sine
1130 1694 1195 1728 fine
1218 1704 1316 1736 paras

914 1746 1027 1776 sancta
1051 1743 1138 1776 sedis
1165 1744 1261 1777 alma.

915 1801 1048 1841 Tuaque
1075 1801 1185 1834 divina

913 1850 1067 1891 majestas

914 1899 1061 1939 polorum
1089 1900 1180 1939 reget
1203 1899 1342 1931 saecula.

914 1957 1022 1997 Atque
1047 1956 1210 1989 valeamus

913 2005 946 2036 in
974 2005 1071 2037 coelis
1097 2004 1270 2046 gloriosam

913 2063 979 2095 Per
1003 2062 1134 2094 saecula

915 2119 1042 2151 semper
1065 2111 1276 2145 saeculorum.
1305 2112 1420 2144 Amen.

204 2181 231 2208 L
250 2180 301 2209 fol.
325 2178 378 2208 151
402 2188 428 2207 a.
449 2194 487 2198 —
507 2178 568 2207 Die
582 2178 718 2214 Sequenz
740 2178 867 2215 beginnt
887 2177 965 2206 ohne
980 2177 1153 2213 Aufschrift,
1176 2178 1254 2207 ohne
1267 2178 1470 2214 Neumiemng

126 2219 187 2248 und
208 2219 286 2248 ohne
304 2218 428 2247 Initiale
448 2219 518 2245 mit:
546 2220 599 2245 tua
626 2219 756 2253 agmina.
797 2217 841 2244 Zu
862 2217 1009 2253 erganzen
1035 2218 1076 2245 ist
1096 2218 1163 2245 eine
1182 2217 1316 2251 Anrede;
1342 2225 1399 2244 nur
1421 2216 1469 2244 die

126 2259 273 2296 gewahlte
302 2257 420 2286 Christe
447 2256 520 2285 1ᾒίεῄ
545 2255 608 2284 sich
637 2256 729 2284 durch
757 2258 824 2285 eine
849 2256 972 2284 Initiale
998 2253 1068 2292 (vgl.
1094 2255 1121 2283 L
1146 2255 1198 2283 fol.
1224 2254 1278 2284 146
1302 2254 1337 2291 a),
1365 2256 1395 2283 X
1415 2255 1471 2282 mit:

125 2297 368 2335 ‹lurchgelegtem
396 2297 510 2331 Kreuz,
538 2295 644 2323 dessen
670 2294 861 2323 senkrechter
881 2294 953 2322 Arm
975 2294 1051 2323 oben
1071 2295 1105 2321 in
1124 2295 1158 2328 P,
1189 2298 1281 2323 unten
1301 2296 1334 2322 in
1353 2293 1381 2321 E
1402 2301 1469 2321 aus-

126 2337 209 2372 lauft,
232 2335 429 2365 ausdrucken.
458 2349 495 2354 —
523 2331 575 2369 321,
600 2332 620 2362 4
646 2336 675 2361 et
695 2337 838 2371 tempora.
865 2349 903 2354 —-
928 2331 982 2366 31),
1012 2331 1031 2360 2
1052 2335 1087 2361 ut
1106 2336 1214 2361 cuncta
1233 2335 1307 2361 statt
1326 2334 1369 2367 et,
1398 2333 1471 2360 statt

126 2379 223 2412 atque.
251 2390 288 2395 —
318 2373 373 2410 312,
402 2373 422 2403 4
447 2372 589 2410 pericula.
618 2387 655 2392 —
685 2371 740 2408 4a,
768 2371 786 2400 2
808 2375 896 2401 terra,
925 2388 963 2392 ——
990 2371 1043 2408 4a,
1064 2370 1084 2400 4
1109 2371 1291 2401 habitacula.
1312 2386 1351 2392 —
1378 2369 1428 2407 5a,
1450 2366 1469 2396 2

125 2415 186 2444 und
208 2414 262 2451 5b,
283 2413 303 2442 2
322 2415 436 2450 zwingt
454 2413 506 2441 der
527 2410 603 2439 Sixm
624 2420 663 2439 zu
683 2413 840 2448 erganzen.
862 2426 898 2431 —
923 2409 977 2448 Ga,
998 2408 1017 2437 2
1036 2410 1103 2438 fide.

183 2467 204 2490 D
211 2474 223 2490 x
230 2473 242 2490 e
249 2473 264 2489 v
271 2475 283 2489 e
289 2474 300 2490 s
308 2484 315 2494 ,
330 2466 470 2490 Prosarinm
484 2464 663 2488 Lemovioen-w.

1259 2454 1294 2485 18
