1655 2637
711 104 948 140 —73—

160 198 292 273 (10ΐᾶζέἶὲ
323 198 373 226 fol.
403 196 439 227 41
472 199 500 227 b.
521 214 559 219 --
580 198 640 236 6b,
676 199 691 229 1
724 200 783 235 Qui
807 202 890 229 satis.
911 216 949 221 —
970 200 1028 238 6b,
1057 199 1076 229 3
1102 202 1249 238 providat.
1270 217 1308 221 —
1329 201 1387 238 9b,
1415 199 1433 231 3
1455 203 1494 230 si-

592 350 640 383 60.
680 351 716 383 In
735 351 977 384 Resurrectiono
999 352 1057 384 DN.

163 450 219 483 la.
248 449 378 483 Coelica
858 451 918 486 lb.
943 452 1124 485 Personant

245 501 441 539 terrenaque
465 498 561 532 simul
587 499 683 532 turba
942 509 1028 532 nuno
1051 500 1138 533 laeta
1161 509 1243 542 pace
1267 501 1405 534 reddita.

164 558 221 590 2a.
248 556 327 588 Dies
352 557 417 589 ista
858 556 917 591 2b.
944 557 1036 590 Mors
1062 560 1112 589 est
1135 558 1169 590 in
1195 567 1258 599 qua

248 603 394 644 pacifera
943 607 1097 646 superata

244 656 406 693 perpetua
939 653 1080 686 liberata

243 701 363 733 mundo
388 701 516 733 nuntiat
541 700 668 742 gaudia,
942 704 973 733 et
999 701 1141 734 conditio
1166 702 1315 736 humana.

161 759 219 791 321.
246 756 372 790 Inferni
398 757 540 791 claustra
857 757 917 793 3b.
939 758 1123 799 Disrumpit
1147 759 1255 792 vinela

244 806 387 846 superba
939 807 1060 850 iniqua,

245 855 398 894 penetrat
941 853 1059 895 effugat

244 910 316 933 cum
339 911 457 942 magna
940 903 1048 935 omnia

245 949 391 982 Christus
416 949 529 990 gloria.
938 953 1053 990 potens
1078 950 1199 985 nubila.

159 1009 217 1042 4a.
246 1007 384 1048 Captiva
407 1007 456 1038 sio
477 1007 575 1039 turba
855 1005 917 1040 4b.
938 1006 1177 1047 Exsultantque
1200 1007 1256 1048 pia

243 1056 394 1088 redditur
418 1053 523 1086 libera
934 1055 1098 1094 justorum
1127 1056 1255 1096 agmina

241 1105 340 1143 rupta
358 1102 472 1142 culpae
496 1105 619 1135 catena.
940 1104 974 1133 et
995 1102 1157 1143 plaudunt
1181 1111 1261 1136 voce
1286 1102 1394 1143 digna.

157 1164 217 1196 δα,
242 1160 423 1192 Vertuntur
448 1169 506 1191 sua
855 1158 914 1194 δῖ).
939 1159 1068 1192 Cadun'n
1089 1159 1206 1192 infima

240 1209 274 1240 in
298 1211 438 1241 tortores
464 1206 535 1240 fera
938 1210 1035 1248 atque
1059 1207 1207 1241 luctuosa

240 1257 402 1297 supplicia
936 1257 1087 1296 suspiria,

239 1307 402 1345 potestate
935 1305 1080 1336 remedia

238 1353 411 1393 tyrannica
434 1352 530 1384 victa.
937 1355 970 1384 et
993 1354 1130 1393 surgunt
1153 1354 1294 1385 aeterna.

153 1413 211 1445 6a.
238 1410 349 1443 Sancti
371 1410 440 1450 jam
464 1411 556 1442 'tanta
852 1408 913 1443 6b.
934 1408 1064 1450 Lugent
1088 1409 1243 1450 absorpta

235 1461 392 1499 percepta
414 1458 521 1499 gratia
934 1457 1020 1490 atria
1043 1456 1159 1497 infera,

238 1507 358 1547 gaudia
938 1514 1080 1546 superna

238 1558 364 1587 metunt
388 1562 548 1595 suprema.
934 1554 1055 1595 gaudet
1075 1553 1192 1594 patria.

154 1615 216 1647 7a.
241 1613 360 1645 Mortis
385 1612 457 1652 lege
482 1612 555 1644 dira
854 1612 913 1645 71).
938 1611 997 1644 Cui
1020 1614 1129 1644 mente
1152 1620 1257 1651 prona

239 1660 387 1694 Christus
412 1661 584 1700 perempta
936 1669 1116 1699 personans
1137 1659 1251 1700 gioria,

238 1709 328 1742 redit
351 1709 456 1741 victor
479 1708 522 1741 ad
547 1716 635 1741 arva.
936 1709 1049 1748 psassit
1073 1710 1187 1740 nostra,
1216 1709 1346 1740 caterva

622 1766 653 1799 8.
681 1764 851 1798 Festivum
875 1765 997 1806 Alleluj
1001 1775 1028 1798 a.

230 1844 282 1872 Ob.
303 1844 354 1872 fol.
376 1842 413 1872 40
436 1852 463 1871 a.
484 1859 523 1863 —
544 1840 597 1875 212,
619 1839 637 1869 3
659 1844 689 1869 et
706 1841 845 1870 liberata.
866 1856 904 1861 —-
924 1839 978 1875 4³3,
999 1839 1017 1870 3
1038 1841 1189 1879 p‘laudent.
1203 1856 1237 1861 -
1257 1839 1309 1875 5a,
1332 1839 1349 1868 1
1363 1842 1492 1869 Vemmt

151 1883 239 1912 huno.
259 1898 298 1903 —
319 1882 370 1919 512,
391 1882 411 1911 4
432 1884 462 1910 et
479 1881 619 1911 remedia.

591 1989 633 2021 61.
674 1990 711 2022 In
729 1988 975 2021 Resurrectione
995 1989 1053 2021 DN.

616 2086 646 2120 1.
674 2086 738 2119 Dio
761 2086 866 2130 nobis,
894 2085 1008 2127 quibus

672 2144 690 2168 e
716 2135 813 2167 terris
838 2144 923 2168 nova

150 2198 206 2230 2a.
237 2195 359 2228 Cuncto
384 2195 504 2228 mundo
848 2194 909 2228 210.
927 2193 1082 2226 Nostram
1106 2201 1218 2225 rursus

228 2244 382 2277 nuntians
406 2243 525 2284 gaudia
931 2242 1044 2274 visitas
1070 2240 1235 2282 patriam?

144 2306 164 2339 3
180 2314 207 2340 a,
235 2303 450 2344 Respondens
473 2300 604 2343 placido
630 2301 723 2334 vultu
847 2301 908 2335 310.
933 2301 1079 2342 Angelus
1104 2299 1184 2332 mihi
1211 2300 1252 2333 de
1278 2299 1406 2333 Christo

230 2351 320 2385 dulci
343 2359 424 2386 voce
930 2349 1095 2383 intimavit

232 2400 334 2434 dixit:
361 2400 516 2443 Alleluja,
931 2399 988 2439 pia
1011 2398 1179 2432 miracula.
