<?xml version="1.0" encoding="UTF-8"?>
<!DOCTYPE html PUBLIC "-//W3C//DTD XHTML 1.0 Transitional//EN"
    "http://www.w3.org/TR/xhtml1/DTD/xhtml1-transitional.dtd">
<html xmlns="http://www.w3.org/1999/xhtml" xml:lang="en" lang="en">
 <head>
  <title>
</title>
<meta http-equiv="Content-Type" content="text/html;charset=utf-8" />
  <meta name='ocr-system' content='tesseract 3.04.00' />
  <meta name='ocr-capabilities' content='ocr_page ocr_carea ocr_par ocr_line ocrx_word'/>
</head>
<body>
  <div class='ocr_page' id='page_1' title='image "./analectahymnica07drevuoft_00198.png"; bbox 0 0 1655 2637; ppageno 0'>
   <div class='ocr_carea' id='block_1_1' title="bbox 178 183 225 214">
    <p class='ocr_par' dir='ltr' id='par_1_1' title="bbox 178 183 225 214">
     <span class='ocr_line' id='line_1_1' title="bbox 178 183 225 214; baseline 0 0"><span class='ocrx_word' id='word_1_1' title='bbox 178 183 225 214; x_wconf 78' lang='lat' dir='ltr'>5a</span> 
     </span>
    </p>
   </div>
   <div class='ocr_carea' id='block_1_2' title="bbox 179 349 226 378">
    <p class='ocr_par' dir='ltr' id='par_1_2' title="bbox 179 349 226 378">
     <span class='ocr_line' id='line_1_2' title="bbox 179 349 226 378; baseline 0 0"><span class='ocrx_word' id='word_1_2' title='bbox 179 349 226 378; x_wconf 73' lang='lat' dir='ltr'>tia</span> 
     </span>
    </p>
   </div>
   <div class='ocr_carea' id='block_1_3' title="bbox 183 802 239 836">
    <p class='ocr_par' dir='ltr' id='par_1_3' title="bbox 183 802 239 836">
     <span class='ocr_line' id='line_1_3' title="bbox 183 802 239 836; baseline 0.054 -4"><span class='ocrx_word' id='word_1_3' title='bbox 183 802 239 836; x_wconf 84' lang='lat' dir='ltr'>7a.</span> 
     </span>
    </p>
   </div>
   <div class='ocr_carea' id='block_1_4' title="bbox 181 922 228 955">
    <p class='ocr_par' dir='ltr' id='par_1_4' title="bbox 181 922 228 955">
     <span class='ocr_line' id='line_1_4' title="bbox 181 922 228 955; baseline -0.021 0"><span class='ocrx_word' id='word_1_4' title='bbox 181 922 228 955; x_wconf 79' lang='lat' dir='ltr'>Sa</span> 
     </span>
    </p>
   </div>
   <div class='ocr_carea' id='block_1_5' title="bbox 182 1138 238 1170">
    <p class='ocr_par' dir='ltr' id='par_1_5' title="bbox 182 1138 238 1170">
     <span class='ocr_line' id='line_1_5' title="bbox 182 1138 238 1170; baseline -0.018 0"><span class='ocrx_word' id='word_1_5' title='bbox 182 1138 238 1170; x_wconf 79' lang='lat' dir='ltr'>9a.</span> 
     </span>
    </p>
   </div>
   <div class='ocr_carea' id='block_1_6' title="bbox 687 85 953 122">
    <p class='ocr_par' dir='ltr' id='par_1_6' title="bbox 687 85 953 122">
     <span class='ocr_line' id='line_1_6' title="bbox 687 85 953 122; baseline 0.008 -2"><span class='ocrx_word' id='word_1_6' title='bbox 687 85 953 122; x_wconf 78' lang='lat'>-207—</span> 
     </span>
    </p>
   </div>
   <div class='ocr_carea' id='block_1_7' title="bbox 228 182 629 321">
    <p class='ocr_par' dir='ltr' id='par_1_7' title="bbox 228 182 629 321">
     <span class='ocr_line' id='line_1_7' title="bbox 228 182 629 225; baseline 0 -9"><span class='ocrx_word' id='word_1_7' title='bbox 228 209 234 216; x_wconf 96' lang='lat'>.</span> <span class='ocrx_word' id='word_1_8' title='bbox 261 182 349 222; x_wconf 66' lang='lat' dir='ltr'>Quae</span> <span class='ocrx_word' id='word_1_9' title='bbox 372 183 454 224; x_wconf 75' lang='lat' dir='ltr'>ligat</span> <span class='ocrx_word' id='word_1_10' title='bbox 478 184 512 216; x_wconf 85' lang='lat' dir='ltr'>in</span> <span class='ocrx_word' id='word_1_11' title='bbox 538 192 629 225; x_wconf 71' lang='lat' dir='ltr'>arva7</span> 
     </span>
     <span class='ocr_line' id='line_1_8' title="bbox 258 230 564 264; baseline 0.007 -2"><span class='ocrx_word' id='word_1_12' title='bbox 258 230 294 262; x_wconf 84' lang='lat' dir='ltr'>in</span> <span class='ocrx_word' id='word_1_13' title='bbox 319 231 434 264; x_wconf 78' lang='lat' dir='ltr'>aethra</span> <span class='ocrx_word' id='word_1_14' title='bbox 457 231 564 264; x_wconf 76' lang='lat' dir='ltr'>solida</span> 
     </span>
     <span class='ocr_line' id='line_1_9' title="bbox 258 280 493 321; baseline 0.009 -11"><span class='ocrx_word' id='word_1_15' title='bbox 258 281 391 312; x_wconf 83' lang='lat' dir='ltr'>manent</span> <span class='ocrx_word' id='word_1_16' title='bbox 411 280 493 321; x_wconf 80' lang='lat' dir='ltr'>ipsa.</span> 
     </span>
    </p>
   </div>
   <div class='ocr_carea' id='block_1_8' title="bbox 227 346 589 763">
    <p class='ocr_par' dir='ltr' id='par_1_8' title="bbox 227 346 589 763">
     <span class='ocr_line' id='line_1_10' title="bbox 227 346 576 387; baseline 0.003 -9"><span class='ocrx_word' id='word_1_17' title='bbox 227 372 233 379; x_wconf 93' lang='lat'><em>.</em></span> <span class='ocrx_word' id='word_1_18' title='bbox 261 346 428 387; x_wconf 81' lang='lat' dir='ltr'>Agnorum</span> <span class='ocrx_word' id='word_1_19' title='bbox 454 355 576 379; x_wconf 80' lang='lat' dir='ltr'>summa</span> 
     </span>
     <span class='ocr_line' id='line_1_11' title="bbox 261 395 551 434; baseline 0.003 -8"><span class='ocrx_word' id='word_1_20' title='bbox 261 395 382 434; x_wconf 83' lang='lat' dir='ltr'>adepta</span> <span class='ocrx_word' id='word_1_21' title='bbox 405 395 551 428; x_wconf 86' lang='lat' dir='ltr'>custodia</span> 
     </span>
     <span class='ocr_line' id='line_1_12' title="bbox 261 443 549 484; baseline 0.003 -10"><span class='ocrx_word' id='word_1_22' title='bbox 261 443 429 484; x_wconf 81' lang='lat' dir='ltr'>sanctique</span> <span class='ocrx_word' id='word_1_23' title='bbox 455 446 549 483; x_wconf 80' lang='lat' dir='ltr'>capta</span> 
     </span>
     <span class='ocr_line' id='line_1_13' title="bbox 262 491 589 532; baseline 0 -10"><span class='ocrx_word' id='word_1_24' title='bbox 262 491 448 531; x_wconf 75' lang='lat' dir='ltr'>spiraminis</span> <span class='ocrx_word' id='word_1_25' title='bbox 474 491 589 532; x_wconf 79' lang='lat' dir='ltr'>gratia,</span> 
     </span>
     <span class='ocr_line' id='line_1_14' title="bbox 265 539 539 579; baseline 0.004 -9"><span class='ocrx_word' id='word_1_26' title='bbox 265 539 372 571; x_wconf 86' lang='lat' dir='ltr'>ovium</span> <span class='ocrx_word' id='word_1_27' title='bbox 398 539 539 579; x_wconf 84' lang='lat' dir='ltr'>plurima</span> 
     </span>
     <span class='ocr_line' id='line_1_15' title="bbox 264 586 564 629; baseline 0.003 -12"><span class='ocrx_word' id='word_1_28' title='bbox 264 595 439 627; x_wconf 81' lang='lat' dir='ltr'>congerens</span> <span class='ocrx_word' id='word_1_29' title='bbox 464 586 564 629; x_wconf 85' lang='lat' dir='ltr'>milia⁷</span> 
     </span>
     <span class='ocr_line' id='line_1_16' title="bbox 263 643 470 675; baseline 0 -9"><span class='ocrx_word' id='word_1_30' title='bbox 263 643 324 673; x_wconf 83' lang='lat' dir='ltr'>per</span> <span class='ocrx_word' id='word_1_31' title='bbox 349 643 470 675; x_wconf 79' lang='lat' dir='ltr'>pascua</span> 
     </span>
     <span class='ocr_line' id='line_1_17' title="bbox 265 682 491 714; baseline 0.004 -1"><span class='ocrx_word' id='word_1_32' title='bbox 265 682 351 714; x_wconf 78' lang='lat' dir='ltr'>vitae</span> <span class='ocrx_word' id='word_1_33' title='bbox 376 685 491 714; x_wconf 79' lang='lat' dir='ltr'>sancta</span> 
     </span>
     <span class='ocr_line' id='line_1_18' title="bbox 265 729 557 763; baseline 0.003 -2"><span class='ocrx_word' id='word_1_34' title='bbox 265 729 359 762; x_wconf 78' lang='lat' dir='ltr'>duxit</span> <span class='ocrx_word' id='word_1_35' title='bbox 382 730 424 762; x_wconf 83' lang='lat' dir='ltr'>ad</span> <span class='ocrx_word' id='word_1_36' title='bbox 450 730 557 763; x_wconf 82' lang='lat' dir='ltr'>ovilia.</span> 
     </span>
    </p>
   </div>
   <div class='ocr_carea' id='block_1_9' title="bbox 263 800 494 890">
    <p class='ocr_par' dir='ltr' id='par_1_9' title="bbox 263 800 494 890">
     <span class='ocr_line' id='line_1_19' title="bbox 264 800 428 834; baseline 0 -1"><span class='ocrx_word' id='word_1_37' title='bbox 264 800 428 834; x_wconf 85' lang='lat' dir='ltr'>Solamina</span> 
     </span>
     <span class='ocr_line' id='line_1_20' title="bbox 263 849 494 890; baseline -0.004 -8"><span class='ocrx_word' id='word_1_38' title='bbox 263 858 323 889; x_wconf 84' lang='lat' dir='ltr'>per</span> <span class='ocrx_word' id='word_1_39' title='bbox 348 849 494 890; x_wconf 81' lang='lat' dir='ltr'>angelica</span> 
     </span>
    </p>
   </div>
   <div class='ocr_carea' id='block_1_10' title="bbox 230 921 744 1107">
    <p class='ocr_par' dir='ltr' id='par_1_10' title="bbox 230 921 744 1107">
     <span class='ocr_line' id='line_1_21' title="bbox 230 921 405 955; baseline -0.017 0"><span class='ocrx_word' id='word_1_40' title='bbox 230 948 237 955; x_wconf 92' lang='lat'><strong>.</strong></span> <span class='ocrx_word' id='word_1_41' title='bbox 259 921 405 953; x_wconf 75' lang='lat' dir='ltr'>Maxima</span> 
     </span>
     <span class='ocr_line' id='line_1_22' title="bbox 264 969 454 1002; baseline 0.005 -1"><span class='ocrx_word' id='word_1_42' title='bbox 264 969 345 1001; x_wconf 86' lang='lat' dir='ltr'>haee</span> <span class='ocrx_word' id='word_1_43' title='bbox 368 969 454 1002; x_wconf 77' lang='lat' dir='ltr'>festa</span> 
     </span>
     <span class='ocr_line' id='line_1_23' title="bbox 263 1014 744 1057; baseline -0.006 -7"><span class='ocrx_word' id='word_1_44' title='bbox 263 1019 432 1057; x_wconf 78' lang='lat' dir='ltr'>praestant</span> <span class='ocrx_word' id='word_1_45' title='bbox 454 1020 551 1057; x_wconf 81' lang='lat' dir='ltr'>atque</span> <span class='ocrx_word' id='word_1_46' title='bbox 574 1014 744 1048; x_wconf 76' lang='lat' dir='ltr'>saiutifera</span> 
     </span>
     <span class='ocr_line' id='line_1_24' title="bbox 265 1065 419 1107; baseline -0.006 -10"><span class='ocrx_word' id='word_1_47' title='bbox 265 1065 419 1107; x_wconf 82' lang='lat' dir='ltr'>remedia,</span> 
     </span>
    </p>
   </div>
   <div class='ocr_carea' id='block_1_11' title="bbox 262 1136 641 1370">
    <p class='ocr_par' dir='ltr' id='par_1_11' title="bbox 265 1136 641 1312">
     <span class='ocr_line' id='line_1_25' title="bbox 268 1136 516 1177; baseline -0.004 -8"><span class='ocrx_word' id='word_1_48' title='bbox 268 1136 354 1169; x_wconf 82' lang='lat' dir='ltr'>Pura</span> <span class='ocrx_word' id='word_1_49' title='bbox 377 1140 516 1177; x_wconf 74' lang='lat' dir='ltr'>patema</span> 
     </span>
     <span class='ocr_line' id='line_1_26' title="bbox 265 1184 641 1225; baseline 0 -9"><span class='ocrx_word' id='word_1_50' title='bbox 265 1184 374 1225; x_wconf 85' lang='lat' dir='ltr'>ampla</span> <span class='ocrx_word' id='word_1_51' title='bbox 399 1185 454 1224; x_wconf 89' lang='lat' dir='ltr'>qui</span> <span class='ocrx_word' id='word_1_52' title='bbox 477 1193 538 1224; x_wconf 84' lang='lat' dir='ltr'>per</span> <span class='ocrx_word' id='word_1_53' title='bbox 562 1193 641 1216; x_wconf 84' lang='lat' dir='ltr'>arva</span> 
     </span>
     <span class='ocr_line' id='line_1_27' title="bbox 269 1232 543 1272; baseline 0 -8"><span class='ocrx_word' id='word_1_54' title='bbox 269 1241 307 1264; x_wconf 85' lang='lat' dir='ltr'>ae</span> <span class='ocrx_word' id='word_1_55' title='bbox 331 1232 400 1272; x_wconf 88' lang='lat' dir='ltr'>poli</span> <span class='ocrx_word' id='word_1_56' title='bbox 425 1241 543 1272; x_wconf 82' lang='lat' dir='ltr'>supera</span> 
     </span>
     <span class='ocr_line' id='line_1_28' title="bbox 267 1281 353 1312; baseline 0 0"><span class='ocrx_word' id='word_1_57' title='bbox 267 1281 353 1312; x_wconf 75' lang='lat' dir='ltr'>celsa</span> 
     </span>
    </p>

    <p class='ocr_par' dir='ltr' id='par_1_12' title="bbox 262 1328 622 1370">
     <span class='ocr_line' id='line_1_29' title="bbox 262 1328 622 1370; baseline -0.003 -10"><span class='ocrx_word' id='word_1_58' title='bbox 262 1331 354 1360; x_wconf 87' lang='lat' dir='ltr'>tenes</span> <span class='ocrx_word' id='word_1_59' title='bbox 380 1338 400 1360; x_wconf 79' lang='lat' dir='ltr'>a</span> <span class='ocrx_word' id='word_1_60' title='bbox 424 1328 493 1360; x_wconf 85' lang='lat' dir='ltr'>Deo</span> <span class='ocrx_word' id='word_1_61' title='bbox 519 1336 622 1370; x_wconf 81' lang='lat' dir='ltr'>cessa,</span> 
     </span>
    </p>
   </div>
   <div class='ocr_carea' id='block_1_12' title="bbox 157 1400 431 1434">
    <p class='ocr_par' dir='ltr' id='par_1_13' title="bbox 157 1400 431 1434">
     <span class='ocr_line' id='line_1_30' title="bbox 157 1400 431 1434; baseline -0.007 0"><span class='ocrx_word' id='word_1_62' title='bbox 157 1401 202 1434; x_wconf 73' lang='lat' dir='ltr'>io</span> <span class='ocrx_word' id='word_1_63' title='bbox 210 1409 238 1432; x_wconf 86' lang='lat' dir='ltr'>a.</span> <span class='ocrx_word' id='word_1_64' title='bbox 265 1400 352 1433; x_wconf 78' lang='lat' dir='ltr'>Olim</span> <span class='ocrx_word' id='word_1_65' title='bbox 373 1403 431 1432; x_wconf 78' lang='lat' dir='ltr'>tua</span> 
     </span>
    </p>
   </div>
   <div class='ocr_carea' id='block_1_13' title="bbox 156 1714 237 1747">
    <p class='ocr_par' dir='ltr' id='par_1_14' title="bbox 156 1714 237 1747">
     <span class='ocr_line' id='line_1_31' title="bbox 156 1714 237 1747; baseline -0.025 0"><span class='ocrx_word' id='word_1_66' title='bbox 156 1714 200 1747; x_wconf 82' lang='lat'>11</span> <span class='ocrx_word' id='word_1_67' title='bbox 208 1722 237 1746; x_wconf 59' lang='lat' dir='ltr'>a-</span> 
     </span>
    </p>
   </div>
   <div class='ocr_carea' id='block_1_14' title="bbox 159 1883 238 1916">
    <p class='ocr_par' dir='ltr' id='par_1_15' title="bbox 159 1883 238 1916">
     <span class='ocr_line' id='line_1_32' title="bbox 159 1883 238 1916; baseline -0.025 0"><span class='ocrx_word' id='word_1_68' title='bbox 159 1883 238 1916; x_wconf 85' lang='lat' dir='ltr'>12a.</span> 
     </span>
    </p>
   </div>
   <div class='ocr_carea' id='block_1_15' title="bbox 159 2103 238 2136">
    <p class='ocr_par' dir='ltr' id='par_1_16' title="bbox 159 2103 238 2136">
     <span class='ocr_line' id='line_1_33' title="bbox 159 2103 238 2136; baseline -0.025 -1"><span class='ocrx_word' id='word_1_69' title='bbox 159 2103 238 2136; x_wconf 84' lang='lat' dir='ltr'>13a.</span> 
     </span>
    </p>
   </div>
   <div class='ocr_carea' id='block_1_16' title="bbox 263 1447 632 1682">
    <p class='ocr_par' dir='ltr' id='par_1_17' title="bbox 263 1447 632 1577">
     <span class='ocr_line' id='line_1_34' title="bbox 264 1447 610 1481; baseline -0.003 0"><span class='ocrx_word' id='word_1_70' title='bbox 264 1451 341 1481; x_wconf 84' lang='lat' dir='ltr'>sunt</span> <span class='ocrx_word' id='word_1_71' title='bbox 363 1447 479 1480; x_wconf 81' lang='lat' dir='ltr'>umbra</span> <span class='ocrx_word' id='word_1_72' title='bbox 503 1449 610 1481; x_wconf 83' lang='lat' dir='ltr'>omnia</span> 
     </span>
     <span class='ocr_line' id='line_1_35' title="bbox 265 1495 632 1538; baseline -0.003 -9"><span class='ocrx_word' id='word_1_73' title='bbox 265 1505 363 1538; x_wconf 83' lang='lat' dir='ltr'>aegra</span> <span class='ocrx_word' id='word_1_74' title='bbox 387 1499 476 1530; x_wconf 80' lang='lat' dir='ltr'>tacta</span> <span class='ocrx_word' id='word_1_75' title='bbox 500 1495 632 1529; x_wconf 86' lang='lat' dir='ltr'>reddita</span> 
     </span>
     <span class='ocr_line' id='line_1_36' title="bbox 263 1544 374 1577; baseline 0.009 -1"><span class='ocrx_word' id='word_1_76' title='bbox 263 1544 374 1577; x_wconf 77' lang='lat' dir='ltr'>valida</span> 
     </span>
    </p>

    <p class='ocr_par' dir='ltr' id='par_1_18' title="bbox 264 1593 467 1633">
     <span class='ocr_line' id='line_1_37' title="bbox 264 1593 467 1633; baseline 0.005 -9"><span class='ocrx_word' id='word_1_77' title='bbox 264 1593 349 1625; x_wconf 84' lang='lat' dir='ltr'>viam</span> <span class='ocrx_word' id='word_1_78' title='bbox 371 1594 467 1633; x_wconf 77' lang='lat' dir='ltr'>juxta</span> 
     </span>
    </p>

    <p class='ocr_par' dir='ltr' id='par_1_19' title="bbox 265 1641 542 1682">
     <span class='ocr_line' id='line_1_38' title="bbox 265 1641 542 1682; baseline 0.004 -9"><span class='ocrx_word' id='word_1_79' title='bbox 265 1649 403 1682; x_wconf 85' lang='lat' dir='ltr'>corpora</span> <span class='ocrx_word' id='word_1_80' title='bbox 426 1641 542 1681; x_wconf 80' lang='lat' dir='ltr'>posita.</span> 
     </span>
    </p>
   </div>
   <div class='ocr_carea' id='block_1_17' title="bbox 263 1713 579 1852">
    <p class='ocr_par' dir='ltr' id='par_1_20' title="bbox 263 1713 579 1852">
     <span class='ocr_line' id='line_1_39' title="bbox 265 1713 474 1754; baseline 0.01 -9"><span class='ocrx_word' id='word_1_81' title='bbox 265 1713 332 1752; x_wconf 77' lang='lat' dir='ltr'>Quo</span> <span class='ocrx_word' id='word_1_82' title='bbox 359 1717 474 1754; x_wconf 80' lang='lat' dir='ltr'>coepta</span> 
     </span>
     <span class='ocr_line' id='line_1_40' title="bbox 263 1761 519 1795; baseline -0.004 -1"><span class='ocrx_word' id='word_1_83' title='bbox 263 1761 379 1795; x_wconf 79' lang='lat' dir='ltr'>tendat.</span> <span class='ocrx_word' id='word_1_84' title='bbox 404 1762 519 1795; x_wconf 87' lang='lat' dir='ltr'>semita</span> 
     </span>
     <span class='ocr_line' id='line_1_41' title="bbox 263 1811 579 1852; baseline 0 -9"><span class='ocrx_word' id='word_1_85' title='bbox 263 1811 305 1843; x_wconf 84' lang='lat' dir='ltr'>ad</span> <span class='ocrx_word' id='word_1_86' title='bbox 331 1819 431 1852; x_wconf 79' lang='lat' dir='ltr'>regna</span> <span class='ocrx_word' id='word_1_87' title='bbox 455 1819 579 1852; x_wconf 86' lang='lat' dir='ltr'>secura,</span> 
     </span>
    </p>
   </div>
   <div class='ocr_carea' id='block_1_18' title="bbox 264 1883 667 2063">
    <p class='ocr_par' dir='ltr' id='par_1_21' title="bbox 265 1883 600 1964">
     <span class='ocr_line' id='line_1_42' title="bbox 266 1883 600 1923; baseline 0 -7"><span class='ocrx_word' id='word_1_88' title='bbox 266 1883 389 1916; x_wconf 84' lang='lat' dir='ltr'>Nostra</span> <span class='ocrx_word' id='word_1_89' title='bbox 409 1883 478 1923; x_wconf 80' lang='lat' dir='ltr'>jam</span> <span class='ocrx_word' id='word_1_90' title='bbox 503 1883 600 1916; x_wconf 85' lang='lat' dir='ltr'>turba</span> 
     </span>
     <span class='ocr_line' id='line_1_43' title="bbox 265 1931 391 1964; baseline 0 0"><span class='ocrx_word' id='word_1_91' title='bbox 265 1931 391 1964; x_wconf 77' lang='lat' dir='ltr'>cantica</span> 
     </span>
    </p>

    <p class='ocr_par' dir='ltr' id='par_1_22' title="bbox 264 1980 469 2021">
     <span class='ocr_line' id='line_1_44' title="bbox 264 1980 469 2021; baseline 0.005 -9"><span class='ocrx_word' id='word_1_92' title='bbox 264 1980 355 2013; x_wconf 82' lang='lat' dir='ltr'>edita</span> <span class='ocrx_word' id='word_1_93' title='bbox 377 1981 469 2021; x_wconf 76' lang='lat' dir='ltr'>regia</span> 
     </span>
    </p>

    <p class='ocr_par' dir='ltr' id='par_1_23' title="bbox 265 2027 667 2063">
     <span class='ocr_line' id='line_1_45' title="bbox 265 2027 667 2063; baseline 0.002 -1"><span class='ocrx_word' id='word_1_94' title='bbox 265 2027 319 2062; x_wconf 78' lang='lat' dir='ltr'>fae</span> <span class='ocrx_word' id='word_1_95' title='bbox 342 2029 376 2061; x_wconf 87' lang='lat' dir='ltr'>in</span> <span class='ocrx_word' id='word_1_96' title='bbox 402 2029 478 2062; x_wconf 79' lang='lat' dir='ltr'>aula</span> <span class='ocrx_word' id='word_1_97' title='bbox 501 2029 667 2063; x_wconf 87' lang='lat' dir='ltr'>almisona.</span> 
     </span>
    </p>
   </div>
   <div class='ocr_carea' id='block_1_19' title="bbox 263 2101 750 2191">
    <p class='ocr_par' dir='ltr' id='par_1_24' title="bbox 263 2101 750 2191">
     <span class='ocr_line' id='line_1_46' title="bbox 267 2101 750 2142; baseline -0.002 -7"><span class='ocrx_word' id='word_1_98' title='bbox 267 2101 293 2136; x_wconf 92' lang='lat' dir='ltr'>O</span> <span class='ocrx_word' id='word_1_99' title='bbox 319 2111 443 2135; x_wconf 87' lang='lat' dir='ltr'>summa</span> <span class='ocrx_word' id='word_1_100' title='bbox 468 2101 566 2134; x_wconf 82' lang='lat' dir='ltr'>Petre</span> <span class='ocrx_word' id='word_1_101' title='bbox 592 2102 750 2142; x_wconf 76' lang='lat' dir='ltr'>columna,</span> 
     </span>
     <span class='ocr_line' id='line_1_47' title="bbox 263 2149 690 2191; baseline 0 -8"><span class='ocrx_word' id='word_1_102' title='bbox 263 2150 341 2183; x_wconf 82' lang='lat' dir='ltr'>nixa</span> <span class='ocrx_word' id='word_1_103' title='bbox 367 2159 430 2191; x_wconf 86' lang='lat' dir='ltr'>qua</span> <span class='ocrx_word' id='word_1_104' title='bbox 452 2152 518 2182; x_wconf 82' lang='lat' dir='ltr'>stat</span> <span class='ocrx_word' id='word_1_105' title='bbox 543 2149 690 2191; x_wconf 82' lang='lat' dir='ltr'>eeclesia,</span> 
     </span>
    </p>
   </div>
   <div class='ocr_carea' id='block_1_20' title="bbox 874 184 934 218">
    <p class='ocr_par' dir='ltr' id='par_1_25' title="bbox 874 184 934 218">
     <span class='ocr_line' id='line_1_48' title="bbox 874 184 934 218; baseline -0.033 0"><span class='ocrx_word' id='word_1_106' title='bbox 874 184 934 218; x_wconf 69' lang='lat'>512.</span> 
     </span>
    </p>
   </div>
   <div class='ocr_carea' id='block_1_21' title="bbox 874 346 933 380">
    <p class='ocr_par' dir='ltr' id='par_1_26' title="bbox 874 346 933 380">
     <span class='ocr_line' id='line_1_49' title="bbox 874 346 933 380; baseline -0.017 0"><span class='ocrx_word' id='word_1_107' title='bbox 874 346 933 380; x_wconf 82' lang='lat' dir='ltr'>6b.</span> 
     </span>
    </p>
   </div>
   <div class='ocr_carea' id='block_1_22' title="bbox 872 801 932 834">
    <p class='ocr_par' dir='ltr' id='par_1_27' title="bbox 872 801 932 834">
     <span class='ocr_line' id='line_1_50' title="bbox 872 801 932 834; baseline -0.017 0"><span class='ocrx_word' id='word_1_108' title='bbox 872 801 932 834; x_wconf 55' lang='lat' dir='ltr'>ffb.</span> 
     </span>
    </p>
   </div>
   <div class='ocr_carea' id='block_1_23' title="bbox 876 919 934 955">
    <p class='ocr_par' dir='ltr' id='par_1_28' title="bbox 876 919 934 955">
     <span class='ocr_line' id='line_1_51' title="bbox 876 919 934 955; baseline -0.069 0"><span class='ocrx_word' id='word_1_109' title='bbox 876 919 934 955; x_wconf 88' lang='lat' dir='ltr'>8b.</span> 
     </span>
    </p>
   </div>
   <div class='ocr_carea' id='block_1_24' title="bbox 876 1134 935 1169">
    <p class='ocr_par' dir='ltr' id='par_1_29' title="bbox 876 1134 935 1169">
     <span class='ocr_line' id='line_1_52' title="bbox 876 1134 935 1169; baseline -0.034 0"><span class='ocrx_word' id='word_1_110' title='bbox 876 1134 935 1169; x_wconf 76' lang='lat' dir='ltr'>eb.</span> 
     </span>
    </p>
   </div>
   <div class='ocr_carea' id='block_1_25' title="bbox 851 1399 934 1433">
    <p class='ocr_par' dir='ltr' id='par_1_30' title="bbox 851 1399 934 1433">
     <span class='ocr_line' id='line_1_53' title="bbox 851 1399 934 1433; baseline 0 -1"><span class='ocrx_word' id='word_1_111' title='bbox 851 1399 934 1433; x_wconf 73' lang='lat' dir='ltr'>iob.</span> 
     </span>
    </p>
   </div>
   <div class='ocr_carea' id='block_1_26' title="bbox 852 1714 938 1749">
    <p class='ocr_par' dir='ltr' id='par_1_31' title="bbox 852 1714 938 1749">
     <span class='ocr_line' id='line_1_54' title="bbox 852 1714 938 1749; baseline -0.023 0"><span class='ocrx_word' id='word_1_112' title='bbox 852 1714 938 1749; x_wconf 79' lang='lat'>1112.</span> 
     </span>
    </p>
   </div>
   <div class='ocr_carea' id='block_1_27' title="bbox 855 1883 937 1917">
    <p class='ocr_par' dir='ltr' id='par_1_32' title="bbox 855 1883 937 1917">
     <span class='ocr_line' id='line_1_55' title="bbox 855 1883 937 1917; baseline -0.012 0"><span class='ocrx_word' id='word_1_113' title='bbox 855 1883 937 1917; x_wconf 86' lang='lat' dir='ltr'><strong>12b.</strong></span> 
     </span>
    </p>
   </div>
   <div class='ocr_carea' id='block_1_28' title="bbox 853 2101 937 2135">
    <p class='ocr_par' dir='ltr' id='par_1_33' title="bbox 853 2101 937 2135">
     <span class='ocr_line' id='line_1_56' title="bbox 853 2101 937 2135; baseline -0.024 0"><span class='ocrx_word' id='word_1_114' title='bbox 853 2101 937 2135; x_wconf 83' lang='lat' dir='ltr'><strong>13b.</strong></span> 
     </span>
    </p>
   </div>
   <div class='ocr_carea' id='block_1_29' title="bbox 955 183 1344 313">
    <p class='ocr_par' dir='ltr' id='par_1_34' title="bbox 955 183 1344 313">
     <span class='ocr_line' id='line_1_57' title="bbox 958 183 1232 226; baseline 0 -10"><span class='ocrx_word' id='word_1_115' title='bbox 958 183 1077 225; x_wconf 75' lang='lat' dir='ltr'>Infma,</span> <span class='ocrx_word' id='word_1_116' title='bbox 1105 193 1232 226; x_wconf 82' lang='lat' dir='ltr'>supera,</span> 
     </span>
     <span class='ocr_line' id='line_1_58' title="bbox 955 230 1344 275; baseline 0 -12"><span class='ocrx_word' id='word_1_117' title='bbox 955 230 1052 271; x_wconf 77' lang='lat' dir='ltr'>fores,</span> <span class='ocrx_word' id='word_1_118' title='bbox 1076 232 1200 275; x_wconf 73' lang='lat' dir='ltr'>valvae,</span> <span class='ocrx_word' id='word_1_119' title='bbox 1228 235 1344 264; x_wconf 76' lang='lat' dir='ltr'>cuncta</span> 
     </span>
     <span class='ocr_line' id='line_1_59' title="bbox 955 280 1169 313; baseline 0 -1"><span class='ocrx_word' id='word_1_120' title='bbox 955 283 1031 312; x_wconf 87' lang='lat' dir='ltr'>sunt</span> <span class='ocrx_word' id='word_1_121' title='bbox 1055 280 1169 313; x_wconf 84' lang='lat' dir='ltr'>soluta.</span> 
     </span>
    </p>
   </div>
   <div class='ocr_carea' id='block_1_30' title="bbox 955 347 1309 763">
    <p class='ocr_par' dir='ltr' id='par_1_35' title="bbox 957 347 1201 379">
     <span class='ocr_line' id='line_1_60' title="bbox 957 347 1201 379; baseline 0 0"><span class='ocrx_word' id='word_1_122' title='bbox 957 347 1053 379; x_wconf 83' lang='lat' dir='ltr'>Hune</span> <span class='ocrx_word' id='word_1_123' title='bbox 1077 347 1201 379; x_wconf 86' lang='lat' dir='ltr'>invidia</span> 
     </span>
    </p>

    <p class='ocr_par' dir='ltr' id='par_1_36' title="bbox 955 395 1309 763">
     <span class='ocr_line' id='line_1_61' title="bbox 957 395 1265 436; baseline -0.003 -9"><span class='ocrx_word' id='word_1_124' title='bbox 957 395 997 427; x_wconf 92' lang='lat' dir='ltr'>ob</span> <span class='ocrx_word' id='word_1_125' title='bbox 1023 397 1115 427; x_wconf 81' lang='lat' dir='ltr'>tanta</span> <span class='ocrx_word' id='word_1_126' title='bbox 1138 395 1265 436; x_wconf 85' lang='lat' dir='ltr'>negotia</span> 
     </span>
     <span class='ocr_line' id='line_1_62' title="bbox 955 442 1201 475; baseline -0.004 0"><span class='ocrx_word' id='word_1_127' title='bbox 955 442 1104 475; x_wconf 79' lang='lat' dir='ltr'>Herodes</span> <span class='ocrx_word' id='word_1_128' title='bbox 1129 445 1201 475; x_wconf 82' lang='lat' dir='ltr'>arta</span> 
     </span>
     <span class='ocr_line' id='line_1_63' title="bbox 956 490 1309 530; baseline -0.003 -8"><span class='ocrx_word' id='word_1_129' title='bbox 956 490 1053 523; x_wconf 76' lang='lat' dir='ltr'>trusit</span> <span class='ocrx_word' id='word_1_130' title='bbox 1076 491 1110 522; x_wconf 85' lang='lat' dir='ltr'>in</span> <span class='ocrx_word' id='word_1_131' title='bbox 1138 491 1309 530; x_wconf 68' lang='lat' dir='ltr'>ergastula,</span> 
     </span>
     <span class='ocr_line' id='line_1_64' title="bbox 960 538 1306 578; baseline -0.003 -8"><span class='ocrx_word' id='word_1_132' title='bbox 960 538 1081 570; x_wconf 83' lang='lat' dir='ltr'>claudit</span> <span class='ocrx_word' id='word_1_133' title='bbox 1106 538 1158 578; x_wconf 88' lang='lat' dir='ltr'>qui</span> <span class='ocrx_word' id='word_1_134' title='bbox 1186 539 1306 571; x_wconf 81' lang='lat' dir='ltr'>coelica</span> 
     </span>
     <span class='ocr_line' id='line_1_65' title="bbox 958 589 1280 627; baseline 0 -8"><span class='ocrx_word' id='word_1_135' title='bbox 958 589 1081 619; x_wconf 82' lang='lat' dir='ltr'>reserat</span> <span class='ocrx_word' id='word_1_136' title='bbox 1107 589 1139 618; x_wconf 84' lang='lat' dir='ltr'>et</span> <span class='ocrx_word' id='word_1_137' title='bbox 1163 595 1280 627; x_wconf 85' lang='lat' dir='ltr'>regna:</span> 
     </span>
     <span class='ocr_line' id='line_1_66' title="bbox 959 633 1189 674; baseline -0.004 -8"><span class='ocrx_word' id='word_1_138' title='bbox 959 643 1052 674; x_wconf 83' lang='lat' dir='ltr'>quem</span> <span class='ocrx_word' id='word_1_139' title='bbox 1079 633 1189 666; x_wconf 85' lang='lat' dir='ltr'>divina</span> 
     </span>
     <span class='ocr_line' id='line_1_67' title="bbox 956 682 1208 714; baseline 0 -1"><span class='ocrx_word' id='word_1_140' title='bbox 956 682 1059 714; x_wconf 76' lang='lat' dir='ltr'>virtus</span> <span class='ocrx_word' id='word_1_141' title='bbox 1085 691 1208 714; x_wconf 79' lang='lat' dir='ltr'>summa</span> 
     </span>
     <span class='ocr_line' id='line_1_68' title="bbox 957 729 1305 763; baseline -0.003 -1"><span class='ocrx_word' id='word_1_142' title='bbox 957 730 1033 763; x_wconf 79' lang='lat' dir='ltr'>laxa</span> <span class='ocrx_word' id='word_1_143' title='bbox 1057 729 1152 762; x_wconf 79' lang='lat' dir='ltr'>solvit</span> <span class='ocrx_word' id='word_1_144' title='bbox 1183 732 1305 762; x_wconf 75' lang='lat' dir='ltr'>catena.</span> 
     </span>
    </p>
   </div>
   <div class='ocr_carea' id='block_1_31' title="bbox 956 801 1204 890">
    <p class='ocr_par' dir='ltr' id='par_1_37' title="bbox 956 801 1204 890">
     <span class='ocr_line' id='line_1_69' title="bbox 956 801 1124 834; baseline -0.006 0"><span class='ocrx_word' id='word_1_145' title='bbox 956 802 1010 834; x_wconf 84' lang='lat' dir='ltr'>Ad</span> <span class='ocrx_word' id='word_1_146' title='bbox 1036 801 1124 834; x_wconf 83' lang='lat' dir='ltr'>socia</span> 
     </span>
     <span class='ocr_line' id='line_1_70' title="bbox 957 850 1204 890; baseline 0.004 -9"><span class='ocrx_word' id='word_1_147' title='bbox 957 850 1045 882; x_wconf 75' lang='lat' dir='ltr'>redit</span> <span class='ocrx_word' id='word_1_148' title='bbox 1069 850 1204 890; x_wconf 81' lang='lat' dir='ltr'>agmina.</span> 
     </span>
    </p>
   </div>
   <div class='ocr_carea' id='block_1_32' title="bbox 958 919 1425 1103">
    <p class='ocr_par' dir='ltr' id='par_1_38' title="bbox 958 919 1187 959">
     <span class='ocr_line' id='line_1_71' title="bbox 958 919 1187 959; baseline 0 -7"><span class='ocrx_word' id='word_1_149' title='bbox 958 919 1050 959; x_wconf 74' lang='lat' dir='ltr'>Quod</span> <span class='ocrx_word' id='word_1_150' title='bbox 1075 923 1187 953; x_wconf 82' lang='lat' dir='ltr'>nostra</span> 
     </span>
    </p>

    <p class='ocr_par' dir='ltr' id='par_1_39' title="bbox 958 969 1163 1001">
     <span class='ocr_line' id='line_1_72' title="bbox 958 969 1163 1001; baseline 0.01 -2"><span class='ocrx_word' id='word_1_151' title='bbox 958 971 1032 1000; x_wconf 84' lang='lat' dir='ltr'>sunt</span> <span class='ocrx_word' id='word_1_152' title='bbox 1056 969 1163 1001; x_wconf 76' lang='lat' dir='ltr'>vincla</span> 
     </span>
    </p>

    <p class='ocr_par' dir='ltr' id='par_1_40' title="bbox 958 1015 1425 1103">
     <span class='ocr_line' id='line_1_73' title="bbox 958 1015 1425 1056; baseline 0.002 -9"><span class='ocrx_word' id='word_1_153' title='bbox 958 1024 1018 1056; x_wconf 81' lang='lat' dir='ltr'>per</span> <span class='ocrx_word' id='word_1_154' title='bbox 1043 1025 1137 1048; x_wconf 78' lang='lat' dir='ltr'>sacra</span> <span class='ocrx_word' id='word_1_155' title='bbox 1159 1016 1251 1050; x_wconf 73' lang='lat' dir='ltr'>Petri</span> <span class='ocrx_word' id='word_1_156' title='bbox 1276 1015 1425 1048; x_wconf 70' lang='lat' dir='ltr'>absoluta</span> 
     </span>
     <span class='ocr_line' id='line_1_74' title="bbox 958 1063 1121 1103; baseline 0.006 -8"><span class='ocrx_word' id='word_1_157' title='bbox 958 1063 1121 1103; x_wconf 76' lang='lat' dir='ltr'>ligamina.</span> 
     </span>
    </p>
   </div>
   <div class='ocr_carea' id='block_1_33' title="bbox 957 1134 1324 1368">
    <p class='ocr_par' dir='ltr' id='par_1_41' title="bbox 958 1134 1276 1311">
     <span class='ocr_line' id='line_1_75' title="bbox 959 1134 1175 1175; baseline -0.005 -7"><span class='ocrx_word' id='word_1_158' title='bbox 959 1134 1051 1168; x_wconf 73' lang='lat' dir='ltr'>Laxa</span> <span class='ocrx_word' id='word_1_159' title='bbox 1075 1137 1175 1175; x_wconf 83' lang='lat' dir='ltr'>ligata</span> 
     </span>
     <span class='ocr_line' id='line_1_76' title="bbox 958 1184 1276 1224; baseline 0.003 -10"><span class='ocrx_word' id='word_1_160' title='bbox 958 1191 1132 1224; x_wconf 81' lang='lat' dir='ltr'>reseraque</span> <span class='ocrx_word' id='word_1_161' title='bbox 1158 1184 1276 1219; x_wconf 84' lang='lat' dir='ltr'>clausa,</span> 
     </span>
     <span class='ocr_line' id='line_1_77' title="bbox 960 1231 1195 1265; baseline 0 -2"><span class='ocrx_word' id='word_1_162' title='bbox 960 1231 1096 1264; x_wconf 78' lang='lat' dir='ltr'>erimina</span> <span class='ocrx_word' id='word_1_163' title='bbox 1120 1232 1195 1265; x_wconf 83' lang='lat' dir='ltr'>lava</span> 
     </span>
     <span class='ocr_line' id='line_1_78' title="bbox 961 1281 1076 1311; baseline 0 0"><span class='ocrx_word' id='word_1_164' title='bbox 961 1281 1076 1311; x_wconf 80' lang='lat' dir='ltr'>cuneta</span> 
     </span>
    </p>

    <p class='ocr_par' dir='ltr' id='par_1_42' title="bbox 957 1327 1324 1368">
     <span class='ocr_line' id='line_1_79' title="bbox 957 1327 1324 1368; baseline 0.005 -9"><span class='ocrx_word' id='word_1_165' title='bbox 957 1330 1119 1368; x_wconf 80' lang='lat' dir='ltr'>potestate</span> <span class='ocrx_word' id='word_1_166' title='bbox 1145 1327 1324 1361; x_wconf 75' lang='lat' dir='ltr'>commissa.</span> 
     </span>
    </p>
   </div>
   <div class='ocr_carea' id='block_1_34' title="bbox 956 1401 1432 1682">
    <p class='ocr_par' dir='ltr' id='par_1_43' title="bbox 958 1401 1148 1432">
     <span class='ocr_line' id='line_1_80' title="bbox 958 1401 1148 1432; baseline -0.005 0"><span class='ocrx_word' id='word_1_167' title='bbox 958 1401 1012 1432; x_wconf 82' lang='lat' dir='ltr'>Ita</span> <span class='ocrx_word' id='word_1_168' title='bbox 1034 1402 1148 1432; x_wconf 77' lang='lat' dir='ltr'>nostra</span> 
     </span>
    </p>

    <p class='ocr_par' dir='ltr' id='par_1_44' title="bbox 958 1447 1253 1489">
     <span class='ocr_line' id='line_1_81' title="bbox 958 1447 1253 1489; baseline 0.003 -10"><span class='ocrx_word' id='word_1_169' title='bbox 958 1447 1104 1480; x_wconf 77' lang='lat' dir='ltr'>facinora</span> <span class='ocrx_word' id='word_1_170' title='bbox 1129 1456 1253 1489; x_wconf 81' lang='lat' dir='ltr'>magna,</span> 
     </span>
    </p>

    <p class='ocr_par' dir='ltr' id='par_1_45' title="bbox 956 1496 1432 1577">
     <span class='ocr_line' id='line_1_82' title="bbox 958 1496 1432 1537; baseline 0 -9"><span class='ocrx_word' id='word_1_171' title='bbox 958 1505 1041 1537; x_wconf 81' lang='lat' dir='ltr'>quae</span> <span class='ocrx_word' id='word_1_172' title='bbox 1064 1498 1140 1528; x_wconf 85' lang='lat' dir='ltr'>sunt</span> <span class='ocrx_word' id='word_1_173' title='bbox 1163 1496 1198 1527; x_wconf 90' lang='lat' dir='ltr'>in</span> <span class='ocrx_word' id='word_1_174' title='bbox 1221 1496 1274 1529; x_wconf 87' lang='lat' dir='ltr'>via</span> <span class='ocrx_word' id='word_1_175' title='bbox 1300 1503 1368 1536; x_wconf 70' lang='lat' dir='ltr'>ejus</span> <span class='ocrx_word' id='word_1_176' title='bbox 1394 1505 1432 1528; x_wconf 83' lang='lat' dir='ltr'>ae</span> 
     </span>
     <span class='ocr_line' id='line_1_83' title="bbox 956 1543 1107 1577; baseline 0 -1"><span class='ocrx_word' id='word_1_177' title='bbox 956 1543 1107 1577; x_wconf 81' lang='lat' dir='ltr'>morbida</span> 
     </span>
    </p>

    <p class='ocr_par' dir='ltr' id='par_1_46' title="bbox 958 1591 1152 1633">
     <span class='ocr_line' id='line_1_84' title="bbox 958 1591 1152 1633; baseline 0 -9"><span class='ocrx_word' id='word_1_178' title='bbox 958 1595 1049 1625; x_wconf 74' lang='lat' dir='ltr'>tactu</span> <span class='ocrx_word' id='word_1_179' title='bbox 1073 1591 1152 1633; x_wconf 76' lang='lat' dir='ltr'>fuga</span> 
     </span>
    </p>

    <p class='ocr_par' dir='ltr' id='par_1_47' title="bbox 959 1639 1252 1682">
     <span class='ocr_line' id='line_1_85' title="bbox 959 1639 1252 1682; baseline 0.003 -10"><span class='ocrx_word' id='word_1_180' title='bbox 959 1641 1014 1682; x_wconf 78' lang='lat' dir='ltr'>qui</span> <span class='ocrx_word' id='word_1_181' title='bbox 1038 1643 1090 1673; x_wconf 84' lang='lat' dir='ltr'>sat</span> <span class='ocrx_word' id='word_1_182' title='bbox 1113 1639 1252 1674; x_wconf 85' lang='lat' dir='ltr'>fimbria.</span> 
     </span>
    </p>
   </div>
   <div class='ocr_carea' id='block_1_35' title="bbox 960 1716 1215 1845">
    <p class='ocr_par' dir='ltr' id='par_1_48' title="bbox 960 1716 1215 1845">
     <span class='ocr_line' id='line_1_86' title="bbox 960 1716 1130 1753; baseline -0.006 -7"><span class='ocrx_word' id='word_1_183' title='bbox 960 1716 1011 1746; x_wconf 82' lang='lat' dir='ltr'>Ao</span> <span class='ocrx_word' id='word_1_184' title='bbox 1035 1717 1130 1753; x_wconf 82' lang='lat' dir='ltr'>septa</span> 
     </span>
     <span class='ocr_line' id='line_1_87' title="bbox 961 1762 1201 1795; baseline -0.008 0"><span class='ocrx_word' id='word_1_185' title='bbox 961 1762 1068 1795; x_wconf 87' lang='lat' dir='ltr'>ovium</span> <span class='ocrx_word' id='word_1_186' title='bbox 1093 1764 1201 1793; x_wconf 82' lang='lat' dir='ltr'>turma</span> 
     </span>
     <span class='ocr_line' id='line_1_88' title="bbox 960 1809 1215 1845; baseline 0.008 -3"><span class='ocrx_word' id='word_1_187' title='bbox 960 1809 1076 1843; x_wconf 85' lang='lat' dir='ltr'>subeat</span> <span class='ocrx_word' id='word_1_188' title='bbox 1100 1813 1215 1845; x_wconf 82' lang='lat' dir='ltr'>astrea.</span> 
     </span>
    </p>
   </div>
   <div class='ocr_carea' id='block_1_36' title="bbox 959 1882 1408 2068">
    <p class='ocr_par' dir='ltr' id='par_1_49' title="bbox 960 1882 1194 1923">
     <span class='ocr_line' id='line_1_89' title="bbox 960 1882 1194 1923; baseline 0.013 -10"><span class='ocrx_word' id='word_1_189' title='bbox 960 1883 1065 1923; x_wconf 85' lang='lat' dir='ltr'>Culpa</span> <span class='ocrx_word' id='word_1_190' title='bbox 1088 1882 1194 1916; x_wconf 80' lang='lat' dir='ltr'>soluta</span> 
     </span>
    </p>

    <p class='ocr_par' dir='ltr' id='par_1_50' title="bbox 959 1932 1117 1972">
     <span class='ocr_line' id='line_1_90' title="bbox 959 1932 1117 1972; baseline 0.013 -10"><span class='ocrx_word' id='word_1_191' title='bbox 959 1939 1019 1972; x_wconf 86' lang='lat' dir='ltr'>per</span> <span class='ocrx_word' id='word_1_192' title='bbox 1041 1932 1117 1972; x_wconf 75' lang='lat' dir='ltr'>Jura</span> 
     </span>
    </p>

    <p class='ocr_par' dir='ltr' id='par_1_51' title="bbox 960 1979 1235 2012">
     <span class='ocr_line' id='line_1_91' title="bbox 960 1979 1235 2012; baseline -0.004 0"><span class='ocrx_word' id='word_1_193' title='bbox 960 1979 1089 2012; x_wconf 82' lang='lat' dir='ltr'>tibimet</span> <span class='ocrx_word' id='word_1_194' title='bbox 1112 1979 1235 2012; x_wconf 78' lang='lat' dir='ltr'>tradita</span> 
     </span>
    </p>

    <p class='ocr_par' dir='ltr' id='par_1_52' title="bbox 959 2029 1408 2068">
     <span class='ocr_line' id='line_1_92' title="bbox 959 2029 1408 2068; baseline -0.002 -7"><span class='ocrx_word' id='word_1_195' title='bbox 959 2037 1101 2068; x_wconf 86' lang='lat' dir='ltr'>superna</span> <span class='ocrx_word' id='word_1_196' title='bbox 1126 2029 1267 2061; x_wconf 82' lang='lat' dir='ltr'>claustra</span> <span class='ocrx_word' id='word_1_197' title='bbox 1290 2036 1408 2061; x_wconf 83' lang='lat' dir='ltr'>resera.</span> 
     </span>
    </p>
   </div>
   <div class='ocr_carea' id='block_1_37' title="bbox 958 2099 1350 2191">
    <p class='ocr_par' dir='ltr' id='par_1_53' title="bbox 958 2099 1350 2191">
     <span class='ocr_line' id='line_1_93' title="bbox 958 2099 1350 2143; baseline 0 -10"><span class='ocrx_word' id='word_1_198' title='bbox 958 2101 1003 2133; x_wconf 88' lang='lat' dir='ltr'>Et</span> <span class='ocrx_word' id='word_1_199' title='bbox 1027 2101 1117 2142; x_wconf 83' lang='lat' dir='ltr'>gregi</span> <span class='ocrx_word' id='word_1_200' title='bbox 1142 2099 1193 2133; x_wconf 78' lang='lat' dir='ltr'>fer</span> <span class='ocrx_word' id='word_1_201' title='bbox 1218 2101 1350 2143; x_wconf 78' lang='lat' dir='ltr'>auxilia,</span> 
     </span>
     <span class='ocr_line' id='line_1_94' title="bbox 961 2149 1318 2191; baseline 0 -10"><span class='ocrx_word' id='word_1_202' title='bbox 961 2158 1023 2191; x_wconf 85' lang='lat' dir='ltr'>quo</span> <span class='ocrx_word' id='word_1_203' title='bbox 1047 2150 1081 2182; x_wconf 90' lang='lat' dir='ltr'>in</span> <span class='ocrx_word' id='word_1_204' title='bbox 1107 2150 1197 2190; x_wconf 84' lang='lat' dir='ltr'>pacis</span> <span class='ocrx_word' id='word_1_205' title='bbox 1220 2149 1318 2182; x_wconf 80' lang='lat' dir='ltr'>ovilia</span> 
     </span>
    </p>
   </div>
   <div class='ocr_carea' id='block_1_38' title="bbox 621 2222 1009 2313">
    <p class='ocr_par' dir='ltr' id='par_1_54' title="bbox 621 2222 1009 2313">
     <span class='ocr_line' id='line_1_95' title="bbox 621 2222 964 2257; baseline -0.006 -1"><span class='ocrx_word' id='word_1_206' title='bbox 621 2223 677 2257; x_wconf 82' lang='lat'>14.</span> <span class='ocrx_word' id='word_1_207' title='bbox 704 2222 825 2255; x_wconf 87' lang='lat' dir='ltr'>Divina</span> <span class='ocrx_word' id='word_1_208' title='bbox 848 2222 964 2255; x_wconf 84' lang='lat' dir='ltr'>subeat</span> 
     </span>
     <span class='ocr_line' id='line_1_96' title="bbox 709 2270 1009 2313; baseline -0.003 -9"><span class='ocrx_word' id='word_1_209' title='bbox 709 2270 867 2304; x_wconf 84' lang='lat' dir='ltr'>fovendus</span> <span class='ocrx_word' id='word_1_210' title='bbox 893 2272 1009 2313; x_wconf 79' lang='lat' dir='ltr'>gratia.</span> 
     </span>
    </p>
   </div>
   <div class='ocr_carea' id='block_1_39' title="bbox 232 2350 1492 2390">
    <p class='ocr_par' dir='ltr' id='par_1_55' title="bbox 232 2350 1492 2390">
     <span class='ocr_line' id='line_1_97' title="bbox 232 2350 1492 2390; baseline -0.004 -6"><span class='ocrx_word' id='word_1_211' title='bbox 232 2356 257 2384; x_wconf 87' lang='lat' dir='ltr'><strong>F</strong></span> <span class='ocrx_word' id='word_1_212' title='bbox 276 2355 328 2384; x_wconf 82' lang='lat' dir='ltr'>fol.</span> <span class='ocrx_word' id='word_1_213' title='bbox 355 2353 409 2384; x_wconf 81' lang='lat'>133</span> <span class='ocrx_word' id='word_1_214' title='bbox 432 2363 458 2383; x_wconf 90' lang='lat' dir='ltr'>a.</span> <span class='ocrx_word' id='word_1_215' title='bbox 480 2370 518 2375; x_wconf 90' lang='lat'>—</span> <span class='ocrx_word' id='word_1_216' title='bbox 539 2352 589 2389; x_wconf 80' lang='lat' dir='ltr'>5a,</span> <span class='ocrx_word' id='word_1_217' title='bbox 613 2350 628 2381; x_wconf 94' lang='grc'>1</span> <span class='ocrx_word' id='word_1_218' title='bbox 650 2353 734 2389; x_wconf 84' lang='lat' dir='ltr'>legit.</span> <span class='ocrx_word' id='word_1_219' title='bbox 752 2369 790 2374; x_wconf 75' lang='lat'><strong>—</strong></span> <span class='ocrx_word' id='word_1_220' title='bbox 813 2352 863 2390; x_wconf 88' lang='lat' dir='ltr'>5b‚</span> <span class='ocrx_word' id='word_1_221' title='bbox 885 2351 904 2380; x_wconf 83' lang='lat'><strong>2</strong></span> <span class='ocrx_word' id='word_1_222' title='bbox 924 2353 987 2382; x_wconf 82' lang='lat' dir='ltr'>fore</span> <span class='ocrx_word' id='word_1_223' title='bbox 1007 2353 1132 2389; x_wconf 82' lang='lat' dir='ltr'>uulque!</span> <span class='ocrx_word' id='word_1_224' title='bbox 1154 2368 1193 2373; x_wconf 77' lang='lat'>—</span> <span class='ocrx_word' id='word_1_225' title='bbox 1214 2351 1268 2387; x_wconf 67' lang='lat'>61³,</span> <span class='ocrx_word' id='word_1_226' title='bbox 1290 2350 1308 2380; x_wconf 83' lang='lat'><strong><em>5</em></strong></span> <span class='ocrx_word' id='word_1_227' title='bbox 1323 2351 1437 2380; x_wconf 80' lang='lat' dir='ltr'>claude.</span> <span class='ocrx_word' id='word_1_228' title='bbox 1452 2367 1492 2372; x_wconf 79' lang='lat'>—</span> 
     </span>
    </p>
   </div>
   <div class='ocr_carea' id='block_1_40' title="bbox 156 2391 1336 2432">
    <p class='ocr_par' dir='ltr' id='par_1_56' title="bbox 156 2391 1336 2432">
     <span class='ocr_line' id='line_1_98' title="bbox 156 2391 1336 2432; baseline -0.003 -9"><span class='ocrx_word' id='word_1_229' title='bbox 156 2393 210 2431; x_wconf 64' lang='lat'>912,</span> <span class='ocrx_word' id='word_1_230' title='bbox 232 2392 250 2422; x_wconf 87' lang='grc'>2</span> <span class='ocrx_word' id='word_1_231' title='bbox 268 2402 384 2423; x_wconf 84' lang='lat' dir='ltr'>reseras</span> <span class='ocrx_word' id='word_1_232' title='bbox 405 2395 466 2432; x_wconf 83' lang='lat' dir='ltr'>qui.</span> <span class='ocrx_word' id='word_1_233' title='bbox 486 2410 526 2414; x_wconf 92' lang='lat'>—-</span> <span class='ocrx_word' id='word_1_234' title='bbox 543 2391 615 2428; x_wconf 76' lang='lat'>1110,</span> <span class='ocrx_word' id='word_1_235' title='bbox 639 2391 653 2421; x_wconf 92' lang='lat'>1</span> <span class='ocrx_word' id='word_1_236' title='bbox 676 2392 745 2421; x_wconf 74' lang='lat' dir='ltr'>Hae</span> <span class='ocrx_word' id='word_1_237' title='bbox 765 2395 891 2430; x_wconf 81' lang='lat' dir='ltr'>sceptra.</span> <span class='ocrx_word' id='word_1_238' title='bbox 914 2408 952 2413; x_wconf 93' lang='lat'>—</span> <span class='ocrx_word' id='word_1_239' title='bbox 974 2391 1043 2427; x_wconf 77' lang='lat' dir='ltr'>lib,</span> <span class='ocrx_word' id='word_1_240' title='bbox 1066 2391 1084 2419; x_wconf 86' lang='lat'><strong>2</strong></span> <span class='ocrx_word' id='word_1_241' title='bbox 1108 2395 1207 2420; x_wconf 84' lang='lat' dir='ltr'>turma</span> <span class='ocrx_word' id='word_1_242' title='bbox 1227 2392 1336 2420; x_wconf 77' lang='lat' dir='ltr'>ovium.</span> 
     </span>
    </p>
   </div>
  </div>
 </body>
</html>
