1655 2637
726 89 992 127 —205—

217 183 274 217 7a.
303 183 364 223 Qui
387 184 451 218 Dei
477 185 581 220 fretus
609 188 743 221 dextrae
919 188 978 223 710.
1000 188 1046 221 Et
1070 189 1173 221 crucis
1197 188 1337 230 gloriosa

303 241 471 266 corruscas
497 243 595 275 super
618 236 722 269 undas
998 237 1149 277 passione
1175 238 1337 277 completa

300 281 469 315 ambulans
497 283 633 325 vestigia
996 285 1136 317 aetheris
1162 285 1313 318 sublimia

299 328 372 361 fixit
397 330 512 371 solida,
996 332 1084 365 subit
1104 334 1259 373 praemia.

215 395 274 429 8a.
301 396 409 435 Ipsius
436 397 540 438 gloria
909 399 970 433 8b.
992 399 1094 439 Regio
1120 400 1261 432 maxima

299 453 386 476 nunc
413 448 445 477 et
469 446 593 478 meritis
619 446 765 487 angelica
992 448 1158 488 gratulans
1182 448 1298 480 recolit
1322 447 1452 487 gaudia.

215 511 272 544 9a.
298 511 407 550 Ipsius
909 514 968 548 9b.
990 514 1127 546 Auctori

297 561 330 591 et
354 559 457 592 omnis
483 560 621 593 ecclesia
990 562 1128 594 Domino
1153 562 1357 603 perspicuam

296 607 419 640 honore
443 608 569 640 laetitia
989 610 1127 651 gratiam
1153 609 1324 642 referendo

296 657 427 687 resonat
449 656 602 695 plurima.
990 658 1102 690 mundi
1126 658 1296 691 latissima.

188 722 232 755 10
242 730 270 753 a.
297 721 387 762 Ergo
415 725 528 754 nostra
884 725 967 759 10b.
990 724 1169 765 Interpella

293 774 327 802 te
350 779 418 802 vox
442 770 602 815 obsecrat,
993 772 1103 805 Jesum
1126 773 1162 805 in
1186 781 1245 805 sua

294 818 361 850 Bar
385 819 480 859 Jona,
992 820 1105 861 gloria,

187 884 268 918 lla.
294 885 341 918 Ut
365 894 500 918 munera
885 888 927 920 11
937 888 968 921 b.
990 887 1082 927 Quod
1108 896 1248 920 consona

294 933 447 965 coelestia
990 935 1131 967 melodia

295 982 552 1020 supplicantibus
578 981 709 1024 tribuat,
992 987 1097 1014 tecum
1124 983 1299 1023 gloriantes
1324 991 1388 1014 una

649 1055 704 1087 12.
732 1053 885 1086 Dicamus
910 1054 1065 1094 AlleluJ'a.

260 1132 283 1160 B
312 1132 363 1161 fol.
383 1131 440 1161 210
454 1134 483 1161 h.
503 1147 538 1153 -
567 1134 595 1162 E
619 1134 670 1161 fol.
690 1131 749 1161 284
765 1142 791 1162 a.
814 1149 847 1153 —
879 1131 897 1161 2
910 1142 941 1170 a,
971 1133 985 1161 1
1011 1143 1093 1163 nunc
1115 1134 1190 1163 fehlt
1209 1134 1246 1162 E.
1266 1150 1304 1154 —
1324 1131 1385 1168 31³,
1415 1132 1429 1162 1
1451 1134 1516 1162 dita

180 1169 215 1204 (l:
237 1170 313 1206 dira)
331 1171 365 1199 B.
380 1188 417 1192 -—
439 1169 456 1200 3
472 1172 499 1207 b,
515 1170 533 1198 2
549 1172 633 1200 reddi
646 1172 707 1200 ΒΕ.
789 1171 843 1207 5b,
867 1170 881 1201 1
903 1174 1002 1209 prima
1019 1173 1078 1201 BE.
1092 1189 1131 1193 —
1152 1171 1203 1207 Ga,
1225 1171 1243 1200 2
1264 1173 1386 1201 Domini
1401 1171 1462 1200 BE.
1477 1188 1515 1193 —

181 1208 240 1280 ἓξ.
257 1207 274 1275 ἒ
293 1210 336 1276 ἒ
338 1210 468 1276 eigai-1131&
480 1210 625 1247 alligandi
639 1212 672 1239 B.
694 1225 731 1229 —
756 1210 808 1246 6b,
832 1209 850 1238 2
869 1219 929 1239 vox
942 1212 983 1245 B;
1005 1211 1079 1240 fehlt
1092 1211 1127 1239 Ε.
1148 1228 1188 1232 -
1206 1211 1259 1243 710,
1280 1210 1301 1239 4
1320 1211 1414 1239 subiit
1425 1210 1461 1238 Ε.
1475 1227 1514 1231 -

548 1361 610 1392 187.
650 1361 685 1392 In
707 1360 810 1393 sancti
833 1361 923 1393 Petri
945 1361 984 1394 ad
1004 1362 1147 1393 vincula.

644 1443 674 1475 1.
701 1442 757 1475 Ad
782 1445 824 1483 te,
853 1443 1087 1483 cunctipotens,

700 1499 760 1523 rex
786 1491 881 1531 celse,
908 1489 1028 1534 σῶτερ,

703 1539 820 1571 devote
845 1541 954 1572 coetus

699 1590 809 1619 noster
833 1595 920 1620 nunc
944 1587 1117 1627 supplicat.

203 1655 258 1686 2a.
285 1653 375 1685 Audi
404 1653 544 1686 clemens
572 1654 707 1696 cantica,
901 1654 957 1687 2b.
979 1653 1184 1686 Archiclavis
1207 1654 1313 1695 gloria

286 1710 369 1742 quac
389 1702 451 1734 tibi
987 1702 1127 1734 dicatam

282 1750 425 1790 phalanx
451 1750 533 1783 haec
558 1750 644 1792 boat,
985 1751 1092 1783 colens
1117 1746 1259 1794 ἡμέραν,

201 1819 256 1851 Sa.
284 1818 426 1851 Herodis
452 1827 515 1859 qua
541 1822 654 1859 captus
901 1817 959 1852 3b.
982 1817 1101 1850 Divina
1126 1822 1293 1858 respectus

283 1875 405 1899 vesana
429 1870 477 1899 est
499 1867 535 1899 in
560 1866 656 1910 furia,
982 1867 1041 1899 sed
1066 1867 1173 1906 gratia
1198 1869 1248 1899 est
1272 1866 1313 1898 ab
1338 1865 1398 1899 illa

284 1924 407 1947 mersus
432 1915 557 1956 umbra,
981 1914 1128 1947 custodia

286 1962 419 1996 strictus
444 1963 546 1996 bacca
984 1962 1130 2005 angelica

282 2011 437 2045 militaria
462 2012 521 2044 sub
549 2021 643 2054 cura;
982 2011 1117 2044 eductus
1142 2020 1203 2052 per
1228 2011 1392 2053 obsequia.

200 2080 258 2113 4a.
286 2079 371 2112 Nam
396 2081 588 2113 recumbens
898 2079 958 2114 4b.
980 2079 1033 2112 En
1059 2079 1235 2120 splendida

284 2128 371 2160 inter
397 2128 536 2160 carceris
563 2128 716 2169 claustra,
980 2128 1180 2160 refulserunt
1203 2128 1334 2162 lumina.

201 2197 256 2230 5a.
286 2196 434 2229 Summus
459 2196 700 2236 paranymphus
897 2196 958 2231 5b.
983 2195 1114 2229 Citatim
1142 2204 1309 2238 consurge,

283 2245 324 2277 ab
351 2245 486 2277 aethera
507 2244 651 2285 migrans
981 2244 1103 2285 Cepha,
1131 2244 1298 2277 amictiens

280 2293 458 2333 Barjonam
486 2294 573 2326 ciens
980 2296 1039 2325 tua
1060 2294 1196 2335 podera,

281 2342 401 2375 excitat
979 2345 1136 2383 postgyra

277 2391 342 2424 ista
366 2399 518 2431 promens
544 2388 686 2424 famina:
977 2399 1050 2423 mea
1076 2385 1303 2434 ἱπποδρομίας
