1655 2637
699 105 962 140 —269—

615 254 682 287 252.
714 255 814 287 Prona
829 255 1045 289 Dominicalis.

674 328 706 361 1.
731 326 805 367 Eja‚
832 328 928 359 simul

735 376 865 415 agmina
887 380 1002 408 cuneta

729 421 799 455 Deo
827 424 944 456 devota

156 478 215 509 2a.
239 475 336 507 Mera
359 485 440 508 voce
856 479 915 512 2b.
938 481 1033 513 Omni
1057 481 1138 512 hora

242 532 367 557 summa
391 524 518 557 laetitia
940 529 1057 561 alacris
1083 533 1221 571 maneat,

241 571 371 605 Christo
398 576 576 606 consonent
601 575 754 608 carmina.
943 577 998 616 qui
1022 576 1185 609 desiderat
1203 586 1362 612 mansura.

157 632 217 664 3a.
246 629 330 662 Olim
357 630 533 670 deceperat
856 632 915 667 3b.
939 632 1035 666 Unde
1060 636 1241 667 retruserat

242 677 345 709 hostis
371 677 510 710 subdola.
940 690 1067 713 omnem
1093 681 1235 714 sobolem

240 729 272 757 et
298 725 418 758 callida
443 724 560 759 fraude
584 728 702 767 Adam,
939 728 1041 769 ipsius
1064 729 1099 760 in
1123 730 1196 762 loca
1220 732 1333 764 taetra.

155 785 216 817 42..
243 784 351 816 Patris
379 784 524 826 dextera,
854 785 918 820 4b.
942 786 1034 819 Vidit
1059 787 1137 819 talia

239 831 334 864 Jesus
355 832 530 873 piissimus,
940 837 1036 875 atque
1062 835 1236 877 condoluit,

238 888 353 920 regens
380 888 451 912 cum
475 885 571 921 patre
595 882 712 922 omnia,
941 885 1046 915 tactus
1071 883 1304 917 misericordia.

156 939 215 972 5a.
242 936 423 970 Descendit
446 938 486 970 de
511 947 631 978 supera
856 939 915 974 51).
938 940 990 972 Ex
1016 949 1080 980 qua
1103 940 1309 973 immaculata

238 986 411 1025 praeclara
942 987 1117 1028 assumpsit

241 1034 320 1065 sede
340 1036 488 1079 paterna,
941 1044 1069 1067 carnem
1093 1038 1243 1079 terream,

238 1082 373 1123 virginis
399 1082 482 1114 adiit
507 1082 623 1115 aulam.
939 1093 1004 1115 non
1029 1088 1137 1116 tamen
1162 1084 1298 1123 sumpsit
1323 1086 1466 1124 peecata.

156 1141 218 1174 6a.
243 1139 339 1172 Visus
366 1143 416 1171 est
438 1149 517 1173 vera
856 1140 914 1174 eb.
937 1140 1074 1173 Demum
1098 1141 1238 1174 tradidit

237 1187 327 1219 Deus
352 1188 386 1220 in
411 1196 508 1220 carne
939 1190 1038 1221 morti
1063 1197 1098 1220 se
1121 1189 1238 1229 ipsum,

235 1239 334 1276 atque
361 1237 471 1269 docuit
494 1237 657 1270 coelestia.
937 1238 1040 1269 erucis
1066 1237 1209 1277 stipitem
1235 1237 1433 1277 amplexans,

151 1295 209 1327 7a.
230 1293 390 1327 Dissolvit
416 1295 648 1335 captivitatem,
854 1295 911 1328 7b.
935 1293 988 1327 Ex
1014 1295 1104 1336 eujus
1129 1296 1205 1336 gula
1229 1295 1408 1337 abstrahaS,

236 1346 422 1375 restaurans
935 1344 1108 1375 moderans

233 1392 388 1423 mundum
413 1390 559 1424 libertati
585 1393 618 1423 et
936 1392 1061 1423 coelum
1086 1394 1119 1423 et
1141 1394 1273 1432 terram,
1300 1394 1416 1423 cuncta

235 1437 380 1472 confudit
407 1439 597 1479 Leviathan,
934 1439 1101 1480 baptizata
1125 1441 1253 1480 agmina

639 1498 672 1531 8.
698 1498 738 1530 111
764 1506 858 1530 sacra
878 1498 1024 1541 lympha,

701 1546 869 1578 credentia

699 1595 734 1627 in
759 1597 793 1626 ‘te
817 1593 883 1627 fide
907 1597 1007 1629 recta,

224 1660 257 1688 M
273 1661 324 1688 fol.
347 1658 402 1690 199
422 1661 442 1688 b
464 1664 494 1689 et
511 1658 614 1689 2401).
635 1677 673 1681 —
692 1660 745 1694 62,
767 1658 786 1688 3
806 1663 838 1688 et
856 1661 968 1689 docuit.
988 1675 1029 1679 -—
1048 1658 1100 1694 Ἡ),
1121 1657 1140 1688 3
1161 1662 1192 1688 et
1209 1662 1327 1688 terram.
1346 1673 1385 1677 —
1404 1658 1487 1685 Titel

149 1700 200 1727 der
220 1698 371 1736 Sequenz:
405 1700 469 1736 „De
489 1699 622 1735 Alleluja
641 1701 761 1727 ‚Domme
781 1697 952 1735 reffuyiumf‘

585 1793 654 1826 253.
687 1793 787 1826 Prosa
805 1792 1021 1825 Dominiealis.

149 1866 180 1899 1.
207 1864 346 1899 Domine
368 1869 490 1910 sancte,
848 1868 881 1900 4.
909 1865 969 1905 Qui
994 1874 1030 1897 se
1053 1873 1114 1905 pro
1139 1864 1233 1897 nobis

207 1917 302 1956 pater
327 1917 469 1955 aeterne,
908 1913 1016 1945 hostia
1038 1922 1122 1954 pura

207 1963 419 2004 omnipotens
909 1966 941 1994 et
966 1961 1174 1994 immaculata

149 2017 179 2049 2.
206 2015 383 2050 Precamur
406 2020 441 2049 te
910 2010 1046 2054 obtulit3

206 2074 395 2120 ¹3³..n0n3me
849 2091 881 2122 5.
909 2088 969 2128 Qui
994 2097 1055 2128 pro
1080 2087 1224 2127 peccatis

207 2113 267 2146 fflu
292 2118 351 2168 ,ΠΨ
457 2162 464 2168 .
909 2137 1029 2168 nostris
1055 2136 1197 2176 seipsum

205 2161 338 2195 Domini
362 2164 468 2195 nostri
909 2184 1103 2218 exinanivit,

207 2209 285 2244 Jesu
312 2210 442 2247 Christi,
1097 2211 1105 2226 ’

147 2265 178 2298 3.
205 2264 270 2298 Per
296 2273 389 2305 quem
416 2262 505 2297 facta
848 2264 879 2297 6.
908 2261 967 2295 Cui
992 2272 1057 2295 una
1082 2264 1131 2293 est

205 2316 282 2345 sunt
304 2313 411 2346 omnia
908 2319 979 2342 eum
1004 2313 1037 2343 te
1062 2309 1132 2344 Deo
1158 2313 1252 2350 patre

205 2361 351 2395 visibilia
906 2360 1132 2399 paraclitoque

206 2413 240 2443 et
260 2409 441 2443 invisibilia
451 2420 459 2450 3
906 2411 1057 2441 aeternus
1082 2407 1199 2439 honor:
