1655 2637
703 103 945 139 *77*

553 239 599 271 65.
640 240 676 272 In
695 241 939 273 Resurrectione
959 240 1092 274 Domini.

644 311 676 345 1.
702 311 796 345 Haeo
821 315 870 344 est
892 321 972 344 vera

703 360 883 400 redemptio

706 409 738 439 et
764 408 850 440 celsa
874 406 968 449 festa,

179 474 237 506 aa.
262 473 357 505 Mors
382 474 573 514 sanguinum

262 521 472 562 triumphata,

180 589 236 621 3a.
264 588 437 627 Redditur,
463 588 578 621 rutilat

176 655 232 687 4a.
259 654 333 687 Nec
356 663 421 687 non
446 656 514 687 tota
539 652 675 695 fulgida.

175 723 232 755 5a.
258 721 422 753 Vexillum
450 722 553 754 crucis

253 769 322 809 jam
340 768 543 812 sublimatur,
565 769 673 803 dicata
688 778 787 802 mem-

553 817 615 850 bra

173 885 229 917 6a.
256 883 397 925 Insignis
422 885 559 918 victoria
811 911 827 928 *

739 948 789 984 *ει

255 951 320 983 Per
344 952 466 992 lignum
811 987 827 1004 *

254 999 341 1039 quod
359 1000 427 1039 jam
443 1002 614 1033 notaverat
666 988 682 1003 ⁹⁵

171 1067 189 1099 7
197 1076 226 1099 a.
252 1065 299 1098 Et
323 1066 418 1106 hujus
443 1066 556 1099 mundi

248 1114 317 1154 J'am
341 1114 523 1155 principem
549 1113 674 1147 bellans

252 1162 375 1203 alligat,

167 1230 222 1263 8a.
248 1229 344 1262 Adae
369 1229 468 1262 solvit
492 1230 630 1272 culpam,

251 1277 403 1310 labuerat
428 1286 502 1310 esca

250 1325 408 1358 obnoxius

249 1373 284 1405 in
310 1374 371 1406 hac
399 1381 561 1406 aerumna.

163 1442 218 1475 9a.
246 1440 334 1473 Voce
358 1439 479 1474 obnixa

243 1498 354 1522 omnes
378 1491 486 1521 mente
508 1498 614 1530 prona

244 1538 386 1577 pectoris
410 1537 581 1577 pulchram
608 1538 714 1570 aulam

243 1586 451 1626 repingamus
477 1586 605 1619 almam.

244 1653 269 1686 Ο
295 1653 381 1685 mira
405 1652 537 1685 Domini

241 1703 292 1733 est
315 1700 551 1742 misericordia,

133 1653 216 1687 loa.

877 474 937 508 21).
959 475 1204 507 Monumentum

960 523 1137 564 margarita

875 588 934 623 eb.
960 589 1055 622 Clara
1079 591 1176 630 atque
1202 589 1298 630 digna

873 655 933 690 4¹0.
957 656 1056 695 Quem
1080 656 1182 688 cernit
1206 656 1346 697 primum
1366 657 1488 690 Maria.

875 723 892 756 5
901 722 933 755 b.
953 723 1041 764 Agni
1067 731 1180 755 cruore

955 771 1115 804 manantis
1128 771 1231 804 latere
1244 774 1292 803 est
1305 771 1485 811 redempta.

871 884 931 919 61).
954 885 1089 919 Diluens

951 937 1063 966 nostra
1087 932 1233 966 facinora

955 1000 1099 1033 Contulit
1120 1000 1275 1034 remedia.

868 1066 926 1101 7b.
947 1066 1074 1099 Inferni
1100 1067 1240 1100 claustra

950 1114 1084 1147 demolit
1108 1115 1299 1148 abstrahens

949 1163 1064 1202 spolia.

864 1229 922 1264 8b.
946 1229 1102 1263 Perducit
1126 1230 1169 1263 ad
1193 1231 1305 1271 vitam,

947 1287 1041 1319 quem
1066 1279 1191 1318 expulit
1216 1278 1320 1321 culpa,

946 1329 977 1358 et
1003 1326 1141 1358 collocat

944 1374 979 1406 iu
1005 1374 1167 1407 coelestia.

862 1440 919 1475 9b.
942 1441 1090 1474 Laudem
1115 1442 1243 1474 boando

946 1491 1143 1522 exsultemus
1162 1491 1198 1522 in
1222 1489 1286 1522 hae

944 1538 1100 1571 solemnia
1122 1538 1270 1579 paschali

943 1595 1037 1619 sacra
1060 1587 1201 1619 melodia
1212 1598 1218 1619 :

834 1652 919 1687 1012.
940 1653 989 1686 Ut
1011 1662 1071 1686 nos
1095 1653 1263 1695 liberaret,

942 1710 977 1733 se
1001 1701 1105 1742 patris
1131 1703 1313 1735 victimavit

540 1768 594 1802 11.
623 1769 835 1801 Immaculata
859 1769 967 1802 hostia

625 1819 657 1848 et
682 1820 797 1859 regnat
817 1827 877 1858 per
901 1818 1042 1850 saecula.

210 1894 235 1923 B
256 1893 308 1922 fol.
331 1892 388 1923 185
409 1901 435 1921 a.
458 1909 494 1913 —-
519 1893 562 1922 Ca
582 1892 632 1921 fol.
654 1891 693 1921 84
713 1902 740 1922 a.
760 1909 800 1913 -
819 1893 846 1921 Ε
867 1893 917 1922 fol.
942 1891 999 1922 312
1020 1895 1048 1922 b.
1071 1908 1108 1912 —
1128 1892 1178 1928 41³,
1203 1893 1217 1922 1
1241 1895 1323 1922 cerni
1343 1895 1382 1928 B3
1409 1895 1475 1922 Ma-

127 1935 199 1962 riae.
222 1947 259 1951 —
279 1930 306 1966 4,
329 1941 348 1961 a
366 1932 428 1961 und
447 1933 475 1965 1),
498 1932 591 1960 sowie
612 1930 663 1967 6a,
686 1930 701 1960 1
723 1932 781 1959 und
805 1931 856 1967 61),
879 1931 897 1961 3
917 1932 1017 1961 haben
1044 1932 1160 1970 gleiche
1179 1933 1324 1968 Melodie,
1353 1941 1471 1962 woraus

127 1971 323 2008 hei-vorgeht‚
352 1971 417 2000 class
443 1969 501 2007 412,
529 1970 543 1999 1
572 1971 660 1999 einen
679 1971 847 2008 Vorsehlag
872 1972 939 2005 hat,
967 1972 1051 2000 nieht
1076 1974 1153 2000 etwa
1171 1971 1224 2007 4a,
1249 1970 1264 1999 1
1289 1973 1355 2001 nine
1389 1972 1474 2001 Silbe

128 2012 211 2040 fehlt.
233 2025 273 2030 ——-
289 2010 342 2047 71),
364 2010 382 2039 2
404 2011 540 2039 demollit
557 2010 635 2038 an.
655 2026 695 2030 —
715 2007 766 2044 8a,
788 2008 804 2038 1
827 2011 906 2039 solvi
926 2011 965 2047 Β,
987 2011 1077 2046 eulpa
1097 2011 1204 2039 BCaE.
1226 2026 1264 2031 -—
1285 2009 1336 2046 Sa,
1360 2010 1378 2039 2
1398 2011 1472 2039 lam-

128 2051 235 2079 buerat
251 2049 295 2078 Ca
324 2067 362 2071 —
383 2047 435 2084 Sa,
453 2048 471 2078 3
493 2050 623 2077 obnoxio
638 2049 672 2077 B.
693 2062 731 2068 —
752 2047 803 2084 9a,
822 2047 840 2077 3
854 2059 897 2087 sq.
916 2051 1045 2085 pectoris
1062 2050 1206 2087 purcham
1222 2049 1267 2083 133
1290 2059 1410 2087 parcam
1431 2051 1471 2086 B;

128 2090 248 2118 archam
278 2089 334 2121 Ca:
365 2089 557 2125 repingamus
585 2088 684 2115 aulam
705 2087 742 2116 Ε.
763 2101 801 2107 —
826 2086 882 2124 91),
910 2088 929 2117 3
954 2088 1105 2125 pasehalis
1125 2089 1162 2117 E.
1183 2106 1221 2110 —
1244 2088 1280 2118 10
1289 2098 1320 2124 a,
1356 2090 1367 2118 1
1392 2089 1474 2117 Mira

126 2129 256 2157 Domine
277 2128 314 2156 E.
336 2143 375 2148 —
396 2125 470 2164 lob,
492 2125 510 2154 2
531 2128 626 2164 patris
647 2128 695 2155 sui
715 2126 821 2155 BOaE.
844 2143 880 2147 —
903 2125 947 2163 11,
970 2126 987 2155 2
1009 2128 1047 2156 ad
1067 2136 1161 2165 regna
1181 2137 1235 2166 per
1254 2128 1356 2157 saecla
1379 2129 1429 2158 Ga.

574 2235 618 2268 66.
650 2236 687 2268 In
705 2236 951 2269 Resurrectione
970 2236 1028 2269 DN.

619 2308 651 2343 1.
678 2308 787 2342 Hodie
811 2308 999 2342 solemnitas

679 2358 928 2399 solemnitatum,

679 2406 820 2448 gloriosa
846 2407 926 2449 die5‚
