1655 2637
727 90 991 127 -263—

218 185 275 218 6a.
302 185 423 219 Radiat
445 187 502 219 lux
526 196 620 229 nova,
913 189 972 224 6b.
999 189 1159 222 Reserata
1182 190 1325 223 claustra

301 236 412 275 stupet
437 244 514 276 gens
540 235 660 277 Stygea
999 238 1148 270 nuntiant
1172 238 1291 279 gaudia

301 283 430 322 plasma
454 285 658 324 redemptum
1002 286 1112 318 multis
1137 286 1172 318 in
1197 286 1271 319 aula

305 330 396 363 venit
420 331 463 363 ad
489 340 616 373 supera,
999 334 1112 374 templi
1139 333 1309 374 dominica,

305 382 379 418 post
405 378 494 413 busti
519 381 645 413 moenia
996 391 1057 423 per
1081 383 1189 423 ampla
1212 390 1287 414 mox
1311 382 1383 414 loca

305 426 453 459 Christus
480 428 600 461 vexilla
998 433 1112 471 petunt
1136 431 1312 471 gaudentes

303 478 409 515 gestat
432 476 591 510 victricia.
997 478 1212 519 paradisiaca.

221 532 277 565 7a.
305 531 415 574 Surgit
442 532 598 577 ChristuS,
918 536 967 568 '7b
1001 535 1091 568 Vivit
1116 545 1215 576 agnus

300 581 367 620 jam
393 580 433 612 ab
459 581 524 614 ima
997 585 1072 623 post
1096 581 1220 625 funera,

303 628 469 673 sepulchri
496 630 637 662 claustra
661 639 725 662 ,uox
744 630 831 663 clara
1000 629 1170 663 crucifixus
1197 630 1251 671 qui
1278 629 1394 670 fuerat,

305 675 428 708 famina
450 681 603 717 pertonat
1001 678 1123 710 cernite
1148 687 1250 710 vacua

305 733 368 757 vox
393 725 541 765 angelica
1000 726 1115 758 tumuli
1139 727 1220 770 loca,

304 772 450 804 alumnos
476 773 642 813 alloquens
998 774 1108 807 vivida
1133 783 1172 806 en
1196 774 1342 806 membra

303 829 384 852 voce
408 820 504 852 talia:
1000 824 1106 864 gestat
1129 823 1162 854 in
1188 831 1277 862 arva,

305 877 391 900 mors
418 871 468 900 est
491 869 647 909 absorpta
673 870 744 902 dira
1003 871 1176 910 conspicua
1203 870 1355 911 stigmata

303 924 342 948 ac
368 914 490 949 Christi
515 918 683 957 trophaea.
1000 918 1103 951 refert
1127 919 1169 951 acl
1195 927 1321 958 supera.

220 973 277 1006 8a.
304 972 427 1006 Cohors
451 974 508 1014 pia
914 976 975 1009 812.
998 977 1061 1008 Ast
1084 979 1219 1015 peracta

305 1021 414 1062 pergit
435 1022 502 1061 jam
528 1023 562 1055 in
589 1022 757 1066 Gallilaea‚
1003 1023 1113 1056 divina
1136 1024 1245 1055 munia
1270 1023 1345 1056 boat

305 1069 463 1102 anastasti
487 1070 597 1102 divina
1001 1071 1136 1111 collegia
1160 1074 1336 1111 pneumata

304 1119 481 1150 attrectans
506 1118 651 1151 membra
1001 1117 1193 1152 confirmans
1221 1120 1320 1151 corda

304 1163 343 1197 fit
363 1174 438 1198 mox
463 1166 551 1199 laeta
575 1166 656 1207 ipsa.
1004 1168 1154 1208 dogmata
1181 1167 1312 1200 coelica.

220 1223 276 1255 9a.
305 1222 429 1255 Cuncta
455 1224 571 1256 cedant
597 1224 733 1265 lubrica,
917 1225 975 1258 9b.
1000 1225 1138 1258 Plaudat
1165 1226 1244 1258 odas
1266 1233 1351 1256 nunc
1376 1228 1491 1265 turma,

306 1271 408 1303 virtus
435 1272 511 1311 quia
1000 1281 1079 1305 voce
1106 1275 1194 1306 celsa

300 1319 369 1359 jam
396 1319 494 1352 decus
519 1320 562 1352 ad
588 1320 736 1353 dindima
1000 1320 1182 1353 melodema
1205 1320 1333 1353 tinnula

302 1367 414 1399 mundi
442 1368 572 1401 climata
999 1372 1101 1409 sonet,
1130 1369 1283 1402 choraula

301 1414 458 1448 abolitum
480 1420 529 1448 est
546 1419 581 1449 at
597 1416 683 1449 laeta
698 1417 830 1458 pascha.
999 1417 1104 1458 perite
1129 1426 1168 1449 ac
1192 1416 1362 1458 praecinat
1387 1417 1521 1452 cantica,

193 1473 237 1506 10
248 1482 276 1504 a.
305 1474 527 1507 Jucunclemur
539 1475 572 1506 in
585 1474 647 1506 hac
665 1475 831 1515 euprepia,
893 1476 935 1508 10
947 1475 978 1508 b.
1002 1474 1182 1508 Psallentes
1209 1473 1350 1515 alleluja,
1377 1477 1413 1506 ut
1436 1483 1500 1506 una

639 1533 695 1566 11.
723 1532 801 1565 Post
825 1535 912 1567 vitae
936 1537 1051 1566 metam

722 1579 869 1614 fruamur
893 1582 1001 1622 patria

720 1632 862 1665 aeterna.

269 1693 294 1721 F
317 1693 367 1721 fol.
391 1690 468 1721 811„
496 1710 526 1713 --
548 1691 610 1728 2a,
642 1693 654 1721 1
678 1695 832 1725 Mundum.
854 1712 891 1716 ——
911 1694 972 1730 21),
1001 1694 1019 1724 3
1045 1695 1145 1723 fidula.
1166 1710 1204 1714 —
1224 1692 1288 1729 3a,
1310 1693 1328 1722 2
1350 1695 1440 1723 nablo
1462 1695 1527 1731 pul-

193 1732 272 1759 ehra.
294 1748 333 1752 —
354 1731 371 1760 6
387 1739 417 1765 a,
445 1730 463 1760 3
488 1733 606 1769 plasma
626 1733 792 1770 redempta,
820 1736 920 1772 spiiter
947 1735 1109 1771 korrigiert
1133 1735 1164 1761 in
1182 1735 1376 1770 redemptum.
1418 1734 1454 1761 In
1475 1734 1526 1761 (let

191 1769 270 1798 That
290 1770 416 1808 endigen
437 1771 496 1799 alle
516 1771 618 1800 Zeilen
640 1773 693 1800 auf
711 1781 736 1800 a.
757 1788 797 1792 —
813 1771 868 1807 Sa„
891 1771 909 1801 3
931 1775 1093 1802 anastasin.

634 1896 702 1928 246.
742 1896 841 1928 Prosa
861 1897 1077 1929 Dominicalis.

639 1979 695 2012 la.
722 1978 906 2012 Laudemus
933 1978 1094 2012 Christum

724 2027 757 2060 in
785 2028 921 2061 excelsis
947 2036 1055 2069 regem

723 2078 831 2109 mente
856 2079 979 2117 sancta,

189 2141 247 2173 2a.
276 2138 363 2171 Voce
388 2147 524 2180 quoque,
889 2139 949 2174 ab.
971 2140 1030 2179 Qui
1056 2149 1117 2181 pro
1143 2140 1236 2173 nobis

273 2187 359 2221 sicut
383 2188 537 2232 valemus,
565 2197 674 2221 onmes
974 2192 1022 2221 est
1050 2189 1200 2230 dignatus
1226 2189 1338 2222 venire

274 2244 400 2269 canora.
968 2238 1002 2270 in
1027 2240 1149 2270 terram

187 2297 244 2330 Sa.
273 2294 467 2336 Caducaque
492 2294 637 2329 membra
885 2297 944 2330 3b.
968 2295 1019 2328 De
1043 2296 1157 2328 mundi
1184 2295 1315 2329 domina

270 2344 463 2377 immortalis
486 2343 576 2377 Deus
972 2347 1004 2377 et
1028 2344 1223 2377 intemerata

272 2401 400 2426 sume-re
426 2396 538 2426 nostra
969 2392 1104 2435 virginis
1131 2394 1216 2427 aula.
