1655 2637
110 170 167 202 Za.

111 373 168 406 3a.

109 480 166 512 4a.

111 634 167 666 5a.

110 1104 165 1136 Ia.

106 1258 164 1289 2a.

106 1364 162 1396 3a.

105 1518 163 1549 422.

106 1624 162 1656 5a.

103 1730 161 1763 6a.

661 70 896 107 -45-

196 167 273 208 Quis
299 167 426 202 audivit
449 169 530 201 talia
809 168 868 202 ab.
893 170 992 210 Virgo
1018 168 1109 209 virga
1133 167 1247 201 Jessea

194 219 310 250 cuneta
335 227 395 258 per
420 217 561 257 saecula,
890 216 1000 249 floruit
1023 216 1140 258 Maria,

194 266 281 306 quod
305 266 398 307 virgo
423 265 612 306 incorrupta
892 265 1001 298 attulit
1024 265 1108 298 vitae
1133 263 1275 297 fructum

192 312 229 346 fit
255 317 360 347 mater
386 312 478 346 feta?
889 316 993 346 mater
1017 314 1149 346 intaeta.

197 372 295 405 Casta
321 373 388 413 ejus
414 374 543 412 gestant,
566 371 702 412 viscera,
809 371 868 406 ab.
892 371 1030 404 Gremiis
1049 369 1113 403 fert
1128 371 1209 403 haec
1226 372 1445 411 sacrosancta⁷

195 429 289 460 quem
313 420 425 453 mundi
449 429 514 452 non
532 419 619 460 capit
633 417 746 459 figura.
891 420 945 460 qui
970 420 1077 460 palmo
1104 419 1268 451 concludit
1294 418 1407 451 omnia.

196 478 220 511 O
247 486 376 519 semper
399 476 582 520 benedicta,
807 476 867 511 4b.
889 478 960 510 Ave
985 477 1090 518 gratia
1114 477 1222 517 plena,

195 535 277 567 quae
300 526 367 558 tale
390 525 506 565 pignus
531 524 629 558 hodie
889 524 1045 558 Dominus
1068 527 1183 564 tecum,
1210 524 1358 557 Domina.

193 575 313 607 mundo
339 573 474 606 edidisti
497 574 593 607 alma.
890 582 985 613 quem
1007 577 1045 606 tu
1065 582 1098 605 es
1123 573 1213 614 virgo
1241 572 1346 605 enixa.

198 630 256 663 Cui
280 631 451 663 innumera
810 630 868 665 51).
891 632 930 664 In
956 632 1030 663 altis
1055 631 1158 671 gloria

194 688 233 711 ae
257 679 480 719 praemaxima
889 679 959 712 Deo
985 680 1027 711 sit
1051 688 1168 719 magna

194 728 342 759 coelestis
367 728 446 760 boat
888 737 953 768 pax
977 727 1158 760 hominibus

193 775 368 816 splendens
396 779 545 809 caterva:
890 778 986 817 atque
1009 776 1043 808 in
1067 778 1164 807 terra.

185 842 211 870 F
231 842 281 870 fol.
306 841 379 871 521).
401 857 437 861 —
460 840 515 878 lb,
539 841 553 870 1
576 851 619 880 sq.
642 842 721 879 quod
741 844 832 870 vates.

572 952 618 986 26.
659 952 695 984 In
715 952 890 985 Nativitate
909 952 967 984 DN.

704 1023 753 1054 (In
771 1021 840 1057 die«)

191 1102 264 1134 Lux
291 1101 470 1135 clarissima
804 1100 864 1135 ib.
885 1101 938 1133 Ex
966 1100 1110 1142 ingenita

190 1154 262 1183 orta
284 1153 362 1183 ante
389 1150 496 1182 omnia
885 1158 1019 1181 manans
1044 1149 1148 1189 patris
1173 1149 1244 1182 usia

190 1199 379 1231 exsistentia
886 1197 1007 1229 virtute
1031 1197 1123 1231 mira.

190 1255 297 1296 Hujus
321 1259 410 1288 astra
432 1255 583 1288 tenebrat
802 1254 862 1288 2b.
885 1254 998 1287 Noctis
1023 1254 1148 1296 pellens
1172 1254 1310 1296 propria

189 1305 386 1346 genealogia,
884 1301 922 1335 fit
947 1312 1021 1335 caro
1048 1303 1168 1336 vivida.

190 1361 259 1401 Qua
283 1361 490 1402 praefulgida
802 1359 860 1394 3b.
887 1361 963 1400 Quis
993 1361 1114 1393 clarum
1137 1369 1253 1394 neuma

190 1410 329 1442 emicant
351 1410 474 1443 lumina
885 1408 1005 1441 dedisti
1029 1408 1135 1441 solida

187 1459 373 1498 pastoribus
399 1458 582 1499 conspicua,
883 1455 971 1489 fatur
994 1456 1107 1498 vigilia
1129 1456 1195 1489 ita:

192 1516 298 1549 Corda
322 1516 433 1557 ponite
457 1515 588 1557 pavida,
800 1514 861 1549 41).
888 1515 981 1555 Quod
1004 1515 1123 1557 gaudia
1148 1515 1265 1547 herilia

189 1564 336 1596 omnibus
361 1564 550 1598 veneranda
882 1563 1023 1596 lustrant
1046 1564 1167 1605 passim
1192 1564 1330 1598 saecula.

188 1621 276 1653 Hinc
298 1621 457 1654 Bethlaea
801 1620 861 1655 5b.
882 1621 1034 1654 Adorare

189 1670 329 1711 climata,
355 1669 493 1702 Davidis
518 1671 658 1709 sceptra,
881 1669 927 1701 ite
951 1679 1046 1702 sacra
1072 1670 1240 1703 cunabula.

188 1727 283 1760 Haec
307 1731 383 1769 post
408 1725 477 1759 fata
802 1727 859 1761 61).
881 1728 991 1768 Atque
1014 1728 1080 1760 ima

186 1776 305 1808 militia
882 1776 951 1809 voti
975 1776 1061 1808 bona

185 1834 252 1857 una
278 1825 419 1865 plurima
882 1824 945 1856 sibi
967 1824 1096 1857 nuntiat

188 1873 282 1905 celsis
307 1873 421 1915 pangit
444 1875 521 1904 nato
549 1873 643 1913 doxa,
881 1871 1049 1906 foederata
1072 1881 1153 1913 paee
1173 1881 1261 1917 vera,

234 1932 240 1935 “
502 1933 533 1966 7.
562 1933 642 1966 Cum
667 1941 730 1972 qua

561 1981 720 2014 laetemur
743 1981 778 2013 in
803 1989 880 2014 arce
904 1990 1039 2017 summa,

178 2049 221 2078 Ca
240 2049 291 2078 fol.
318 2047 387 2078 131).
405 2064 442 2069 -
459 2048 511 2085 lb,
527 2047 545 2077 2
566 2048 672 2078 deifica
683 2057 823 2087 manans3
844 2049 980 2086 ingenita
994 2049 1064 2078 oder
1078 2048 1378 2086 deificaiiberztihlig.
1400 2063 1438 2069 -ι

98 2087 151 2124 aa,
175 2086 190 2116 1
212 2089 376 2118 trenebras.
398 2105 437 2109 —
458 2087 512 2124 eb,
536 2087 550 2117 1
573 2089 682 2125 thue.

96 2285 152 2319 1a.

562 2202 608 2235 27.
648 2201 686 2233 In
704 2200 882 2234 Nativitate
902 2201 961 2234 DN.

180 2285 306 2326 Pangat
325 2294 390 2318 vox
408 2283 558 2327 humana,
795 2284 854 2318 lb.
878 2283 999 2317 Nostra
1025 2284 1080 2326 qui
1104 2285 1210 2317 salute

181 2333 319 2375 Christe,
348 2333 492 2367 carmina
878 2333 969 2365 venis
993 2334 1027 2367 in
1052 2343 1131 2367 arva

178 2392 238 2416 rex
262 2383 324 2416 tibi
349 2391 479 2423 semper
503 2382 685 2423 praeclara,
879 2381 1014 2423 virginis
1040 2392 1153 2416 sacrae
1178 2392 1238 2424 per
1264 2383 1385 2416 aulam.
