1655 2637
145 191 204 223 3a.

144 486 202 518 4a.

143 920 201 952 5a.

141 1261 197 1294 62.

138 1646 193 1680 7a.

138 2035 196 2068 8a.

675 96 936 132 —211—

232 191 293 231 Qui
316 190 383 225 fide
407 194 505 233 plena

229 248 370 280 superna

226 292 382 329 percepta
407 291 511 330 gratia

227 335 262 368 in
286 341 489 371 sacramenta
515 338 624 371 divina

225 384 410 423 juramenta

227 430 300 464 fixit
324 433 437 467 solida.

229 484 334 518 Verae
357 489 444 518 certe
468 486 675 527 praecognita

228 532 419 574 disciplinae
443 543 566 574 norma,

228 583 411 622 postposita

226 628 351 661 lubrica

225 677 338 709 mundi
362 678 431 709 vita

227 727 322 764 atque
347 725 531 765 vanissima,

227 775 360 805 aeterna

228 820 416 853 decertabat
441 819 506 853 frui
534 821 617 854 doxa

227 869 308 900 coeii
332 869 450 908 pan-ia.

227 920 319 953 Haec
343 922 385 954 ad
411 930 511 962 regna

229 978 330 1001 novus
358 973 469 1001 extera

226 1018 316 1049 venit
341 1017 484 1058 agricola

226 1073 265 1097 ac
287 1068 380 1105 terga

223 1113 308 1145 ruris
334 1112 460 1145 arentia

220 1159 314 1193 fortis
338 1170 422 1194 vena

221 1208 308 1248 rigat
331 1209 475 1242 inducta.

226 1260 387 1295 Coelestia

222 1312 319 1350 atque
343 1312 452 1342 terrea

224 1361 339 1391 cuncta

220 1405 287 1437 fert
309 1406 418 1446 opima
442 1404 595 1446 fomenta,

225 1463 307 1495 quae
332 1453 421 1487 facta

224 1510 316 1542 seges
335 1503 448 1535 vivida

225 1549 295 1582 Deo
322 1550 497 1591 comproba

223 1599 343 1631 reddat,
368 1599 523 1639 germina.

220 1646 363 1680 Pecunia

223 1694 284 1727 'tibi
311 1695 436 1728 credita

223 1743 387 1777 conservis
413 1743 581 1785 praestita,

220 1791 351 1824 invidus
376 1792 480 1825 hostis
508 1795 620 1825 contra

220 1840 319 1872 movit
345 1840 433 1873 bella

221 1889 357 1929 propria

220 1936 339 1970 amissa

220 1985 369 2026 ingerens
390 1986 475 2026 jura.

225 2034 304 2067 Cum
329 2037 396 2067 stat
420 2043 519 2068 ovans

220 2083 253 2114 in
280 2083 396 2124 agonia

219 2130 315 2164 fortis
340 2131 463 2164 athleta

216 2183 326 2212 mente
349 2178 452 2219 firma,

218 2230 366 2269 angelica

217 2279 322 2318 pietas
352 2277 462 2311 divina

217 2327 403 2367 praesentia

217 2375 305 2408 misit
326 2375 376 2408 illi
401 2375 562 2409 submissa

220 2425 446 2460 consolamina.

839 194 899 230 3b.

836 487 895 521 4b.

836 923 895 957 5b.

836 1263 894 1297 610.

837 1649 894 1682 712.

833 2035 892 2070 8b.

920 195 1110 235 Apostolica

924 244 1071 276 doctrina

921 292 1058 324 domitus
1084 292 1193 324 vivida

921 340 1031 372 suavia
1056 339 1176 372 Christi
1197 341 1275 381 juga

920 396 1019 428 super
1045 388 1128 420 colla

919 436 993 468 tulit
1017 437 1160 476 propria.

917 487 1037 520 Factus
1063 488 1109 520 ita
1135 487 1325 521 Christicola

920 536 1040 568 virtute
1070 544 1208 577 superna

919 582 1078 623 frugifera

920 631 1043 663 semina

920 679 962 711 ab
987 679 1091 711 electa

922 727 1041 760 Christi
1067 726 1192 760 familia

922 778 1057 815 accepta

919 832 1057 863 regnans
1084 833 1121 856 ea
1146 823 1227 856 sevit
1253 833 1332 856 arva

917 880 978 911 per
1002 871 1146 905 occidua.

920 923 1031 956 Tellus
1059 924 1140 956 dura

918 980 979 1003 nec
1003 980 1067 1003 non
1092 971 1199 1012 gelida

917 1019 1060 1060 ligonum
1084 1019 1197 1060 ignara

918 1069 1087 1107 repugnat,

918 1123 979 1155 quo
1007 1114 1094 1147 coelo
1120 1114 1241 1147 stolida

917 1163 971 1195 hic
997 1163 1123 1195 cultura

917 1211 1017 1243 instat
1040 1209 1198 1250 improba.

920 1263 1037 1303 sicque
1061 1263 1158 1304 plaga

918 1311 1078 1344 Oceanica

919 1359 1000 1401 dira,

914 1408 1033 1448 ignava
1057 1410 1092 1438 et
1115 1406 1233 1440 acerba

917 1465 977 1496 per
1001 1459 1114 1488 sancta

916 1504 1012 1544 hujus
1036 1504 1153 1537 merita

917 1552 987 1584 Deo
1015 1552 1137 1585 domita

919 1604 966 1632 est
992 1603 1024 1632 et
1048 1600 1188 1633 subdita.

916 1648 1039 1681 Militia

918 1700 1047 1729 sanctus
1071 1700 1236 1738 assumpta

919 1748 1050 1777 ornatus
1073 1746 1175 1786 galea,

919 1797 971 1826 sat
996 1794 1149 1826 vimutum
1173 1793 1284 1836 lorica,

918 1845 1050 1875 cunctus
1076 1842 1162 1875 alma

919 1890 1046 1923 effectat

917 1939 1026 1972 stadia

916 1987 1135 2031 triumphalia.

918 2036 1005 2076 Quae
1030 2037 1175 2077 praemia

915 2085 980 2125 ipsi
1005 2087 1124 2126 parata

915 2133 984 2173 jam
1004 2134 1038 2166 in
1063 2134 1173 2175 patria

915 2180 979 2215 fert
1006 2186 1139 2215 aeterna

915 2233 1063 2273 postque,
1089 2231 1177 2264 laeta

916 2280 1009 2321 visio,
1038 2280 1174 2313 discissa

917 2337 1055 2370 corpora

915 2380 1008 2411 tauro
1034 2387 1129 2419 nexa,
1157 2378 1265 2411 anima

920 2427 1002 2467 petit
1029 2426 1172 2460 aethera.

1234 2472 1271 2503 14
1277 2473 1293 2490 ’¹‘
