1655 2637
743 138 980 174 -gss„-

216 239 273 272 2a.
301 238 361 278 Qui
385 241 554 279 postquam
579 238 757 272 resurrexit
911 237 971 270 212.
995 235 1150 276 Quoniam
1176 242 1211 266 se
1234 235 1387 274 potenter

306 287 359 320 die
383 288 490 328 tertia,
993 293 1053 326 per
1076 286 1266 323 argumenta

305 334 417 367 eadem
439 335 574 368 tristitia
992 333 1095 365 multa
1118 331 1226 364 vivum
1251 329 1403 371 praebuit

301 384 337 416 in
362 384 514 424 gaudium
538 387 589 416 est
612 392 716 416 versa.
994 381 1108 414 diebus
1133 379 1358 420 quadraginta.

219 461 277 494 3a.
304 460 453 501 Loquens
479 462 512 491 et
537 469 730 493 convescens
910 459 970 493 3b.
993 457 1176 490 Novissime
1200 458 1308 487 autem

301 518 373 541 cum
397 509 444 541 eis
467 518 534 540 una
991 506 1054 538 hac
1079 505 1134 538 die
1157 507 1271 537 sancta

299 556 510 598 pandensque
534 555 597 589 Dei
992 555 1080 587 visus
1108 555 1157 586 est
1182 552 1304 585 cunctis

298 604 389 645 regni
412 605 577 646 mysteria.
989 603 1140 643 patenter
1164 610 1238 633 una.

216 683 276 713 4a.
304 680 424 722 Quibus
448 680 657 721 Jerosolymis
908 680 968 714 41).
993 674 1148 719 Nam‘hi,
1176 677 1230 720 qui
1255 679 1488 718 convenerant,

297 737 428 762 manere
451 729 599 768 imperat,
991 737 1062 760 eum
1085 727 1297 767 interrogant,

299 785 463 818 quousque
486 776 647 816 promissa
992 775 1119 817 quando
1147 773 1281 807 Israelis

299 824 482 866 percipiant
501 824 593 857 dona.
988 824 1105 856 reddet
1130 822 1222 863 regni
1241 822 1326 861 J'ura.

217 904 275 935 5a.
301 902 375 934 Non
409 903 459 933 est
481 903 633 943 vestrum,
660 900 716 941 ait,
742 899 826 931 scire
908 900 966 934 5b.
990 898 1056 931 Sed
1079 901 1234 940 percepto
1258 897 1392 929 coelitus

300 953 456 990 tempora,
989 955 1123 979 munere

300 1005 381 1038 quae
405 1000 500 1037 pater
992 995 1081 1026 eritis

302 1044 407 1077 voluit
990 1043 1069 1074 mihi
1094 1044 1193 1074 testes

303 1091 374 1125 fore
398 1091 532 1124 occulta.
990 1099 1050 1131 per
1077 1093 1191 1122 cuncta
1215 1098 1325 1130 regna.

216 1171 272 1203 6a.
299 1170 344 1202 Et
369 1177 439 1200 cum
463 1167 526 1200 hoc
551 1167 696 1209 dixisset,
908 1168 966 1202 61).
993 1167 1135 1208 Cumque
1157 1166 1361 1198 intuerentur

299 1216 483 1249 videntibus
507 1216 572 1247 illis
598 1215 664 1247 alta
990 1217 1152 1255 petentem
1175 1215 1268 1246 illum
1292 1222 1418 1256 supera,

304 1264 384 1297 coeli
407 1264 592 1304 penetravit
616 1266 750 1304 secreta,
991 1272 1064 1295 ecce
1089 1262 1152 1294 viri
1176 1264 1335 1294 steterunt
1357 1262 1453 1302 Juxta

303 1321 437 1352 eumque
461 1311 501 1344 ab
529 1320 637 1344 eorum
663 1310 764 1343 oculis
987 1311 1061 1344 illos
1088 1310 1231 1342 dicentes
1254 1310 1289 1342 in
1312 1312 1404 1342 veste
1423 1309 1520 1342 alba:

303 1361 445 1400 suscepit
466 1359 567 1392 nubes
593 1359 690 1391 clara.
991 1368 1047 1392 cur
1073 1358 1258 1398 conspicitis
1281 1357 1420 1390 aethra?

219 1439 273 1470 Ta.
299 1437 365 1470 Hic
389 1436 482 1469 Jesus
507 1437 616 1468 veniet
637 1435 695 1476 ita,
908 1437 926 1469 7
934 1436 966 1469 b.
988 1435 1036 1468 Ut
1059 1435 1178 1467 reddat
1202 1434 1336 1476 singulis
1359 1435 1455 1471 juxta

302 1483 570 1526 quemadmodum
986 1484 1089 1523 judex
1109 1483 1216 1523 justus

301 1533 448 1566 ascendit
471 1541 597 1574 supera,
988 1531 1124 1572 propria
1149 1540 1257 1572 opera.

220 1611 276 1643 Sa.
303 1610 383 1651 Nos,
410 1609 463 1649 qui
487 1609 617 1641 interim
639 1617 710 1641 eum
908 1609 966 1642 8b.
989 1608 1168 1641 Venturum
1192 1612 1419 1648 exspectamus

299 1657 464 1690 sedentem
990 1657 1087 1689 avida

301 1705 403 1746 patris
425 1706 469 1738 ad
494 1705 650 1744 dextram,
989 1709 1098 1737 mente
1123 1707 1156 1736 et
1178 1704 1283 1746 proba

302 1755 416 1786 cuncta
442 1753 664 1793 disponentem
992 1761 1121 1794 semper
1144 1753 1286 1794 suspecti
1310 1753 1352 1785 de

298 1802 370 1843 lege
391 1801 489 1844 justa,
995 1801 1048 1834 die
1072 1802 1140 1843 illa,

219 1879 275 1912 aa.
303 1879 418 1911 Omnes
442 1878 608 1910 unanimes
909 1879 967 1912 9b.
988 1879 1107 1911 Mortis
1133 1888 1198 1912 nox
1223 1879 1339 1919 quodsi
1359 1888 1419 1911 nos

301 1926 413 1966 pingui
435 1926 587 1965 lampade
990 1928 1070 1968 tegit
1096 1936 1207 1967 opaca,

301 1974 451 2015 pervigili
990 1976 1100 2008 redire
1126 1976 1202 2008 dum

302 2022 396 2054 simul
417 2031 475 2054 nos
502 2021 643 2061 solertia,
994 2023 1111 2066 differt,
1137 2024 1276 2056 necdum
1299 2024 1472 2064 propriam

301 2070 535 2110 praestolemur
558 2069 652 2102 illum
993 2071 1068 2111 quja
1090 2072 1267 2105 celebravit

299 2117 366 2150 fide
388 2116 547 2157 perfecta.
990 2128 1128 2159 sponsus
1154 2120 1320 2161 copulan13

196 2189 242 2223 10
253 2198 280 2221 a.
310 2189 488 2229 eontigerit
886 2191 968 2225 10b.
993 2192 1181 2233 Olanguerit

300 2247 359 2270 nos
382 2237 460 2269 dum
484 2241 614 2270 cunctos
991 2243 1030 2271 ut
1054 2241 1131 2273 dum
1154 2240 1235 2273 tuba

302 2284 402 2326 sopiri
427 2294 499 2322 una,
991 2291 1087 2320 nocte
1110 2289 1219 2322 media

301 2334 399 2374 plena
422 2334 548 2366 interea
992 2340 1025 2367 et
1047 2336 1233 2377 vigilaverit

302 2382 371 2414 oleo
398 2382 463 2414 sint
489 2385 603 2414 cuncta
993 2385 1134 2417 omnium
1158 2384 1268 2418 valida

299 2432 482 2463 nostrorum
507 2430 645 2471 lecytha.
992 2429 1176 2465 nostrorum
1202 2436 1343 2478 caterva,
