1655 2637
708 97 949 134 ,67-

162 193 219 227 5a.
245 193 359 225 Donec
382 194 486 227 victor
511 196 624 228 mortis

248 241 395 274 dominus
421 243 562 275 omnium

247 292 344 329 atque
368 294 498 324 sanctus
523 296 717 333 sanctorum,

165 347 223 381 6a,
250 347 327 388 Quis
354 356 398 389 es,
427 349 598 381 daemones

249 395 386 437 ululant,

251 441 400 484 crucifer,
428 444 482 485 qui
505 448 618 477 nostra

249 494 286 523 ut
309 490 398 523 Deus

252 538 350 571 solvis
375 539 506 572 vincula
531 539 669 572 cuneta?

166 596 222 628 va.
251 595 443 629 Clamabant
465 598 588 630 sancti:

248 643 420 685 advenisti,

250 700 268 723 o
290 691 359 730 jam
383 692 531 733 Domine,
554 701 664 734 regum

247 748 315 779 rex,
344 748 413 781 ave,

166 796 223 830 8a.
251 796 342 828 Tunc
365 796 460 831 Jesus
487 807 557 830 oum
581 799 670 831 laeta

247 846 432 877 sanctorum
457 846 562 887 gloria

248 893 408 932 prooessit

249 942 362 973 nostra
383 942 461 985 vita,

860 194 918 229 5b.
943 194 1022 228 Cum
1046 194 1148 226 crucis
1165 193 1320 234 trophaeo

940 242 1103 276 infernum
1126 246 1301 283 penetrans

942 291 1051 332 abegit
1076 291 1218 323 claustra
1241 299 1347 324 saeva.

860 348 918 382 6b.
942 348 1071 389 Fugans
1096 348 1246 380 tenebras

943 395 1087 438 fulgurat

943 444 1113 478 theatralis
1137 444 1253 476 horror

942 493 1080 525 rutilans

944 541 1066 573 lumine
1089 540 1297 580 perlustrata.

862 597 923 631 7b.
946 598 1046 637 Quem
1071 597 1147 629 olim
1171 600 1262 630 vates

943 647 1141 686 praecinere,

939 695 1008 734 jam
1031 702 1090 726 nos
1115 693 1215 733 salva,
1241 693 1438 733 redemptor,

944 750 1002 774 rex
1028 741 1172 776 Christe!

862 798 921 833 81).
944 798 1004 831 Cui
1027 799 1169 840 psallere
1193 798 1307 831 Iaudes

945 847 1004 879 sub
1031 847 1115 879 omni
1143 847 1275 879 cardine

944 904 1009 926 non
1035 897 1141 926 cessat

945 943 1047 975 omnis
1073 944 1162 974 aetas

598 1001 629 1033 9.
656 999 841 1033 Decantans
865 999 1021 1039 Alleluja.

240 1065 265 1092 B
286 1063 337 1091 fol.
359 1062 414 1091 177
429 1064 457 1092 b.
477 1078 516 1082 -
538 1064 581 1092 Ca
600 1066 650 1093 fol.
671 1063 709 1093 ’78
723 1066 751 1093 b.
772 1080 809 1085 —
829 1066 857 1094 E
877 1065 927 1093 fol.
949 1063 1007 1093 244
1019 1066 1048 1093 b.
1068 1081 1107 1085 -—
1126 1065 1152 1093 F
1173 1065 1223 1093 fol.
1244 1063 1280 1092 77
1297 1073 1323 1092 a.
1342 1079 1379 1083 —
1401 1065 1427 1093 G
1446 1064 1496 1092 fol.

164 1100 221 1130 186
236 1103 265 1130 b.
288 1117 326 1121 —
342 1100 399 1129 Cfr.
419 1103 510 1138 Trop.
529 1103 721 1132 Floriaoense
741 1112 818 1132 saec.
840 1102 886 1133 ss.
901 1104 973 1132 Cod.
986 1104 1150 1132 Parisiens.
1163 1104 1260 1132 Νοῦν.
1281 1111 1346 1139 aeq.
1362 1101 1446 1131 1177.
1462 1117 1499 1121 —

162 1138 216 1176 2b,
229 1139 243 1168 1
259 1140 419 1168 decantant
427 1141 462 1169 B.
475 1156 514 1161 —
528 1139 581 1176 312,
598 1140 612 1169 1
625 1142 830 1178 protoplausto
843 1142 876 1171 G.
888 1157 926 1161 —
940 1141 994 1177 41),
1008 1141 1028 1170 4
1040 1142 1200 1170 retrusaE.
1215 1158 1254 1163 --
1268 1139 1285 1169 5
1295 1150 1321 1177 a,
1336 1139 1354 1169 2
1369 1142 1500 1170 omnium

163 1179 300 1207 dominus
320 1178 356 1206 E.
379 1194 418 1198 —
440 1179 488 1213 Ga,
513 1178 525 1207 1
550 1180 609 1215 Qui
631 1190 661 1209 es
682 1180 720 1213 B;
750 1181 824 1215 Quis
846 1182 882 1209 de
902 1180 1060 1209 daemones
1082 1179 1147 1215 Ca.;
1175 1180 1253 1215 Quid
1274 1182 1304 1207 et
1321 1180 1363 1215 E3
1392 1181 1450 1215 Qui
1471 1182 1500 1207 et

163 1217 197 1245 G.
224 1232 263 1236 —
291 1215 341 1252 6a,
363 1216 381 1245 5
412 1219 511 1247 solvat
536 1219 568 1247 G.
594 1235 633 1239 —
660 1217 711 1253 61),
735 1217 753 1246 2
779 1220 908 1257 fulgerat
931 1219 1009 1248 BCa.
1036 1234 1073 1239 ——
1099 1217 1152 1253 Sa,
1179 1218 1199 1247 4
1227 1221 1322 1247 morte
1348 1219 1429 1247 victa
1457 1218 1497 1252 G;

161 1258 259 1284 morte
278 1256 351 1283 vita.
371 1256 407 1284 Ε.
423 1272 462 1277 -
482 1255 536 1293 8b,
558 1256 576 1285 3
597 1260 694 1287 cesset
712 1258 745 1286 B.

598 1348 644 1380 55.
681 1348 716 1380 In
736 1348 984 1381 Resurrectione
1002 1350 1061 1382 DN.

597 1430 628 1464 1.
656 1429 768 1463 Turba
791 1431 959 1471 proclama
983 1431 1081 1472 laeta,

164 1488 223 1520 2a.
250 1486 365 1520 Laude
391 1495 509 1519 corona

249 1533 338 1567 facta
361 1544 475 1575 prome
501 1535 621 1577 divina,

165 1592 222 1624 3a.
251 1591 372 1624 Christi
396 1601 490 1625 sacra

247 1648 306 1680 per
326 1641 488 1680 magnalia

250 1696 284 1719 es
310 1688 385 1727 quia

250 1736 291 1768 de
314 1738 420 1768 morte
442 1737 591 1778 liberata,

162 1795 220 1827 4a.
248 1793 321 1826 Jam
346 1803 432 1826 nunc
457 1794 573 1835 omnia,

246 1841 407 1883 coelestia,

245 1891 416 1923 terrestria

244 1939 365 1972 virtute
389 1939 549 1980 gubernat
570 1942 712 1973 aeterna.

160 1998 217 2031 5a.
244 1997 297 2029 Ab
324 2006 399 2029 arce
423 2006 566 2039 superna

242 2045 375 2078 veniens
401 2047 444 2079 ad
468 2047 545 2088 ima,

245 2093 351 2127 factus
378 2098 428 2127 est
453 2104 492 2128 ex
517 2095 616 2129 vulva

243 2142 379 2183 virginis
404 2144 528 2177 intacta

243 2200 318 2225 caro
343 2195 464 2226 nostra.

157 2251 214 2284 Ga.
241 2250 348 2283 Solvit
370 2250 444 2291 ipse
469 2251 575 2284 erucis
600 2261 659 2285 ara

239 2301 353 2332 nostra
376 2299 515 2341 vincula,

240 2346 345 2380 factus
371 2348 478 2382 hostia

239 2397 455 2433 immaculata.

861 1488 920 1523 2b.
942 1488 1016 1522 Jam
1039 1489 1192 1523 instituta

945 1546 1086 1579 superna
1112 1537 1294 1578 disciplina.

860 1594 922 1628 310.
944 1595 990 1627 Et
1017 1596 1182 1628 destructa

943 1638 1065 1676 iiiferni
1091 1643 1233 1675 claustra

942 1691 1041 1731 janua

944 1742 975 1771 et
1002 1739 1084 1772 coeli
1108 1737 1283 1779 patefacta.

860 1795 920 1830 4b.
943 1797 983 1829 In
1009 1796 1124 1838 quibus
1150 1805 1208 1829 sua

941 1845 1066 1885 judicia

944 1902 1072 1935 semper
1097 1902 1200 1934 aequa

944 1942 1001 1975 dat
1025 1942 1219 1976 auctoritate
1243 1943 1393 1983 paterna.

859 1999 918 2035 51³.
945 2000 1129 2033 Illustravit
1152 2001 1261 2033 saecla

942 2058 1103 2090 apparens
1128 2049 1272 2089 perdita,

942 2097 1154 2131 manifestans
1180 2107 1240 2130 sua

942 2148 975 2178 et
995 2146 1099 2187 patris
1126 2146 1277 2187 dogmata

940 2194 1091 2236 gloriosa.

857 2252 920 2287 6b.
943 2252 1060 2287 Castra
1085 2253 1217 2286 diremit
1240 2253 1354 2294 iniqua

941 2302 1063 2336 virtute
1086 2302 1179 2343 mira,

940 2360 1014 2384 suos
1042 2349 1113 2397 (ad)
1141 2360 1284 2394 superna

939 2400 1028 2433 vexit
1052 2409 1163 2441 regna.

1281 2455 1324 2486 5ss
