1655 2637
678 89 946 125 —221-—

227 183 252 211 B
273 183 323 212 fol.
346 182 401 213 156
424 193 449 214 a.
472 200 509 204 -—
530 186 557 215 E
578 186 628 214 fol.
649 183 706 215 296
728 194 754 213 a.
774 202 809 207 —·
832 187 857 215 F
876 188 926 216 fol.
948 186 985 216 57
1007 196 1033 215 a.
1055 201 1091 206 —
1114 187 1170 215 Cfiz
1192 186 1279 215 Grad.
1300 186 1483 214 Nivernense

145 229 224 249 saec.
248 220 293 250 11.
316 221 386 251 cod.
408 224 555 253 Parisien.
578 223 662 253 9449.
684 226 720 252 Σ.
743 241 780 246 —
803 223 854 259 la,
875 224 894 254 2
915 227 999 254 vocis
1020 227 1131 255 honore
1152 225 1213 254 BE.
1233 241 1273 246 —
1294 223 1345 259 lh,
1368 223 1386 252 2
1405 233 1481 253 mar-

143 260 223 295 tyris
242 264 329 298 gesta
341 263 377 289 Σ.
396 278 436 283 —-
457 260 511 297 11),
532 262 551 292 3
570 267 675 292 nostra
696 265 815 300 promat
828 264 867 298 1⁴¹3
889 268 973 293 easta
990 273 1093 301 prome
1104 265 1169 293 ΕΣ.
1190 279 1228 283 -
1248 262 1300 299 210,
1322 261 1340 290 2
1359 265 1483 292 insitam

146 297 215 333 ΒΕ,
237 300 380 328 insistens
397 302 437 335 F;
459 302 646 338 prudentiam
666 302 703 331 Ε.
724 317 763 321 -—-
782 301 836 337 210,
857 302 877 331 4
891 312 1070 340 concrepans
1085 305 1121 331 Σ.
1143 319 1180 324 —·
1200 301 1251 337 3a,
1275 302 1289 331 1
1305 303 1481 331 Percuneta-

144 337 232 365 batur
252 338 364 367 ΒΕἙΣ
388 347 484 376 gegen
503 340 556 369 das
576 340 741 377 Vei-smass3
769 342 947 371 vermutlich
969 342 1199 377 Verbrsserung.
1220 358 1259 362 —
1276 341 1327 376 4a,
1349 339 1367 368 2
1387 340 1480 368 inlus-

143 378 222 404 trata
244 377 305 405 ΒΕ.
332 392 372 397 —
398 378 450 412 4a,
470 377 488 407 3
510 382 613 407 sancta
643 380 705 416 ejus
727 379 779 407 dat
799 380 839 413 Σς
867 390 982 417 semper
1003 383 1106 408 sancta
1125 381 1176 408 dat
1193 380 1230 408 Ε.
1259 395 1295 399 -
1320 378 1376 414 4h,
1398 378 1414 407 1
1435 388 1479 415 sq.

144 415 181 442 In
206 422 266 450 qua
285 416 411 444 nimium
433 420 497 445 erat
515 418 667 446 illustrata
685 418 748 446 BE.
769 433 809 439 -—
829 416 884 455 412,
905 418 923 448 3
946 419 1032 447 dente
1053 420 1149 447 saevit
1166 419 1199 447 F.
1220 435 1257 439 —
1278 418 1329 452 52,
1353 417 1367 446 1
1388 419 1482 446 Beata

144 453 261 481 lumina
280 456 317 481 Σ-
345 470 384 474 -
409 455 461 491 52,
483 454 501 483 2
522 465 651 493 superna
669 456 731 485 BE.
753 472 790 476 —
810 455 861 492 51),
884 456 902 485 2
924 458 1024 486 efferes
1055 457 1229 485 abscondit-a
1248 458 1309 486 BE.
1331 473 1369 477 —
1390 456 1440 491 510,
1462 455 1481 484 4

146 492 251 520 dextra
268 493 355 521 BFZ.
377 509 413 513 —
435 493 486 529 6a,
509 493 522 522 1
546 495 617 523 Alta
635 495 706 529 ΕΣ,
727 496 846 523 intonat
864 497 898 525 B.
917 511 955 517 -—
977 494 1026 531 δε,
1048 493 1066 524 3
1087 498 1284 532 aspernantur
1296 496 1329 529 Β,
1351 496 1481 532 pessima

145 529 205 558 ΒΕ.
229 545 265 550 —
288 530 339 566 6a,
362 531 379 560 5
400 534 529 569 impetus
549 533 610 562 ἙΣ.
631 548 670 553 —
690 532 742 568 61),
767 532 781 562 1
810 537 940 563 orrentia
959 535 1022 562 BE.
1042 549 1081 555 -—
1099 533 1151 566 61),
1173 532 1191 561 3
1212 537 1324 570 martyr
1343 535 1482 572 infligunt

145 569 181 596 Ε.
203 585 242 589 ——
263 568 315 606 61),
337 569 355 599 6
377 580 410 599 ac
431 571 488 599 tibi
508 572 549 606 E;
572 569 622 607 6b,
643 571 662 601 3
683 580 747 609 sqq.
768 574 815 601 bis
836 571 880 601 7a
899 572 997 602 fehlen
1016 574 1050 602 B.
1073 588 1108 592 —
1128 574 1181 607 Sl),
1202 572 1221 600 4
1241 573 1315 601 fehlt
1333 573 1367 600 B.

531 675 594 706 201.
625 675 661 707 In
681 674 866 708 inventione
887 685 910 708 s.
934 675 1097 717 Stephani.

637 747 668 780 1.
695 746 834 788 Magnus
859 747 948 780 Deus

695 794 729 826 in
754 795 904 827 universa
929 797 1026 835 terra,

146 861 202 892 2a.
229 860 351 903 Magna
376 864 452 894 sunt
476 862 545 902 ejus
846 862 903 895 2b.
928 862 988 901 Qui
1014 865 1064 894 est
1087 870 1146 894 rex
1170 870 1290 902 regum,

229 908 349 949 ubique
374 909 482 942 omnia
928 909 1084 943 Dominus
1112 909 1261 950 omnium,

230 956 263 988 in
291 957 379 989 coelo
405 961 502 998 atque
929 967 948 991 a
972 961 1067 998 patre
1091 959 1216 998 genitus

229 1004 264 1036 in
289 1008 379 1037 terra
404 1014 514 1046 opera.
927 1009 1003 1038 ante
1027 1006 1166 1039 saecula.

146 1073 203 1105 3a.
232 1072 330 1112 Cujus
357 1073 474 1105 caritas
502 1082 580 1105 vera
844 1074 903 1106 310.
925 1073 1033 1114 Atque
1057 1075 1192 1114 perenni
1217 1072 1285 1104 vita

230 1121 318 1153 coelo
344 1121 494 1153 sublevat
927 1124 1023 1154 ornat
1047 1121 1188 1153 candida

231 1167 429 1208 Stephanum
457 1169 498 1201 de
523 1172 619 1201 terra.
928 1169 1098 1209 dignanter
1125 1177 1251 1201 corona.

146 1238 206 1269 4a.
233 1236 354 1268 Plenus
381 1236 499 1268 etenim
525 1236 708 1276 Stephanus
841 1237 901 1272 4b.
925 1236 1048 1277 Magna
1073 1236 1173 1268 dabat
1197 1235 1349 1277 prodigia

234 1283 356 1316 deitate
381 1287 478 1325 atque
503 1284 609 1325 gratia
928 1285 1046 1318 docens
1071 1284 1240 1316 verissima
1267 1284 1427 1324 dogmata.

147 1353 203 1385 5a.
232 1352 312 1385 Cum
341 1355 447 1384 autem
472 1352 679 1392 praedicaret
842 1352 899 1386 5b.
924 1352 1064 1385 Nostrae
1089 1351 1320 1391 redemptionis

226 1400 294 1440 Jam
318 1400 504 1441 praesentia
925 1409 1010 1433 nova
1033 1400 1161 1441 gaudia,

145 1468 207 1501 6a.
233 1468 363 1500 Intento
388 1468 423 1500 in
446 1477 588 1508 superna
841 1468 899 1503 6b,
921 1467 1077 1508 Dixitque
1102 1466 1322 1499 circumstanti

232 1516 314 1548 coeli
339 1518 431 1555 patet
452 1516 562 1557 janua,
923 1515 1013 1558 plebi
1038 1524 1117 1549 voce
1140 1514 1283 1556 publica,

146 1585 201 1617 7a¹
230 1582 330 1616 Sacra
352 1583 467 1623 plenus
493 1583 614 1624 gratia:
841 1584 900 1618 7b.
925 1584 1067 1617 Caritate
1092 1582 1218 1624 fulgida

226 1631 315 1664 Ecce
338 1631 402 1663 Dei
427 1631 522 1664 video
923 1634 1033 1672 Atque
1057 1631 1166 1665 {Iesum
1194 1634 1333 1663 stantem
1357 1630 1391 1662 in

230 1679 455 1712 admirabilem
481 1680 625 1723 gloriam,
924 1680 1055 1714 virtutis
1079 1679 1142 1712 Dei
1169 1681 1312 1713 dextera.

145 1749 203 1782 Sa.
229 1748 311 1781 Cum
334 1747 398 1779 hoc
424 1747 570 1792 dixisset,
840 1747 900 1782 eb.
922 1748 988 1782 Sed
1013 1749 1081 1780 stat
1104 1746 1234 1780 fortiter

227 1796 328 1836 impia
922 1796 1050 1838 patiens

227 1853 305 1884 gens
331 1844 471 1878 Judaica
922 1847 1047 1885 martyr
1073 1846 1104 1876 et
1128 1853 1242 1877 orans:

231 1893 311 1925 dans
337 1891 501 1925 fremitum
925 1893 977 1926 Ne
1004 1893 1054 1925 his
1081 1892 1208 1925 Christe

229 1942 354 1974 concita
379 1944 512 1982 quassat
924 1951 1041 1974 noxam
1066 1944 1200 1981 statuas,

226 1989 393 2030 lapidibus
926 1990 985 2023 sed
1008 1991 1075 2031 §am
1100 1990 1214 2031 accipe

228 2037 386 2080 Stephani
409 2039 564 2073 membra.
925 2039 1065 2072 animam
1090 2048 1204 2072 meam.

142 2108 199 2141 9³..
225 2106 271 2139 Et
296 2116 369 2139 cum
393 2107 474 2140 haec
500 2107 635 2140 dixisset
840 2107 901 2142 eh.
922 2107 973 2140 Tu
998 2111 1030 2139 et
1055 2106 1159 2147 nohis,
1184 2109 1311 2148 martyr

229 2155 428 2189 obdormivit
925 2166 942 2189 o
971 2155 1144 2197 Stephane,

223 2204 257 2237 in
281 2204 421 2237 Domino
921 2205 1120 2246 sempiterna

224 2262 306 2294 pace
331 2256 476 2288 aeterna.
921 2254 1061 2294 impetra
1086 2254 1216 2295 gaudia.

215 2321 240 2349 P
260 2321 311 2349 fol.
335 2319 390 2350 115
406 2330 433 2350 a.
455 2336 492 2340 —
514 2322 540 2356 Q
560 2320 610 2349 fol.
633 2318 687 2349 192
703 2321 731 2349 b.
756 2338 794 2342 —
815 2320 872 2350 Cfr.
888 2322 1011 2357 Tropar.
1026 2322 1217 2350 Floriacense
1237 2329 1313 2349 saec.
1337 2319 1381 2349 11.
1403 2320 1473 2350 Cod.

135 2359 282 2389 Parisien.
302 2361 400 2389 Nouv.
422 2368 489 2396 aeq.
511 2359 595 2390 1107.
610 2361 647 2388 Σ.
666 2376 705 2381 —·
724 2361 849 2398 'Pi-opat.
865 2360 896 2389 S.
907 2361 1059 2398 Ebrulphi
1078 2369 1156 2389 saec.
1178 2358 1223 2389 12.
1241 2359 1312 2388 Cod.
1327 2359 1475 2389 Parieien.

140 2398 176 2428 10
185 2399 251 2429 508.
271 2400 305 2433 Ξ.
323 2416 362 2422 -
377 2400 462 2430 Miss.
478 2408 531 2428 ms.
546 2401 717 2429 Parisiense
729 2409 805 2429 saec.
821 2398 866 2430 14.
885 2400 956 2429 Cod.
972 2400 1113 2428 Hafnien.
1128 2400 1227 2429 Thott.
1242 2399 1292 2427 fol.
1308 2397 1364 2428 146
1380 2399 1420 2427 Ω.
1436 2414 1475 2419 -—
