1655 2637
729 125 992 160 --122-μ

197 217 247 254 63,
262 215 281 247 3
294 219 390 248 Deum
416 228 503 256 quem
522 220 596 250 CaF.
617 236 656 241 —-
675 220 726 257 6a,
747 220 765 249 5
778 221 850 250 flore
870 222 981 258 pudica
995 221 1098 250 CaFE.
1116 238 1156 242 —
1181 219 1234 256 6b,
1256 219 1274 249 2
1294 222 1351 250 fuit
1369 229 1423 257 per
1434 221 1472 249 D.
1489 236 1521 241 -

197 256 249 293 fib,
271 256 289 286 5
310 267 327 286 o
355 266 444 294 quam
464 259 595 288 COEFK.
614 276 652 280 -
670 259 726 294 710,
747 258 765 287 2
789 259 916 289 habebis
941 264 973 289 te
991 260 1030 288 D.
1055 275 1095 279 —
1120 260 1175 296 710,
1201 258 1219 288 3
1241 269 1284 297 sq.
1304 261 1378 289 felix
1396 268 1526 296 namque

196 296 321 324 nimium
341 298 406 328 BD:
427 297 499 325 felix
518 300 643 327 nimium
664 307 694 326 es
713 299 750 327 E.
777 313 816 318 ——
836 297 887 335 83,
914 297 929 327 1
950 300 1063 327 micans
1084 299 1117 327 F.
1139 313 1177 319 —-
1197 296 1248 333 83,
1269 297 1289 327 4
1308 301 1386 327 uitat
1404 298 1465 326 EF.
1487 315 1525 319 --

197 334 248 368 83,
272 333 289 362 5
309 336 386 363 inter
405 335 502 364 choris
523 337 694 372 angelorum
714 337 774 366 EF.
793 352 833 356 —
852 337 903 372 812,
929 335 947 366 3
963 339 1098 375 genetrix
1118 338 1181 366 alta
1196 338 1234 365 D.
1255 352 1292 357 —
1313 336 1365 373 8b,
1387 336 1404 365 5
1425 346 1524 373 regem

196 381 298 409 regum
318 374 384 408 EF;
412 383 513 411 regum
533 384 625 413 regna
647 378 698 403 Ca.
727 391 764 395 —
792 373 843 411 93,
872 374 887 403 1
907 376 1066 404 Rurieulos
1089 376 1168 405 Cal).
1187 392 1227 396 —
1247 375 1298 411 93,
1325 374 1344 404 3
1365 376 1524 404 recolenda

197 412 249 439 Ca.
272 428 309 432 —
338 411 387 446 92,
416 411 436 440 4
462 417 592 450 receptet
613 413 696 443 CaK:
729 414 841 442 adsiste
860 415 898 446 Ἐς
925 415 1060 443 adscisca
1078 414 1114 442 E.
1140 431 1175 436 —
1198 413 1251 446 9b.
1272 413 1290 442 2
1311 415 1379 443 fulti
1400 415 1523 443 obtentu

196 449 257 478 EF.
276 466 314 470 --
334 450 387 487 913,
408 451 429 478 4
449 453 540 480 simus
559 461 640 481 nunc
661 452 716 485 (ἕεις
736 461 817 481 mmo
837 455 868 480 et
885 453 985 481 fehlen
1002 453 1064 481 EF.
1088 468 1126 473 —
1149 451 1193 486 10,
1216 453 1231 481 1
1253 457 1337 481 easta
1356 453 1432 481 GaF.

615 563 677 595 107.
717 564 752 596 In
772 564 992 605 Assumptione
1011 564 1099 596 BMV.

200 643 244 676 la

198 908 254 940 Za.

197 1124 255 1156 33.

196 1384 252 1416 43.

195 1599 253 1631 5a.

192 1958 250 1990 6a.

192 2269 248 2301 7a.

281 644 391 676 Aurea

282 692 373 732 virga
396 692 521 732 primae

277 740 389 771 matris
413 739 504 772 Evae

278 785 396 819 florens
421 796 496 819 rosa

275 835 436 874 processit
459 835 578 870 Maria.

280 907 460 947 Fraglescit
484 907 571 939 ultra
595 906 700 938 omnia

280 954 430 986 Balsama

277 1002 440 1042 pigmenta

282 1052 312 1081 et
337 1050 555 1091 thymiamata,

281 1121 388 1154 Patris
414 1121 528 1152 summi
553 1130 647 1162 quam
671 1122 767 1163 elegit

278 1169 385 1208 proles
413 1169 513 1210 deice„

277 1219 315 1247 ut
334 1219 512 1248 assumeret,

281 1272 408 1296 carnem
434 1267 670 1297 sacrosanctam

279 1320 318 1343 ex
343 1312 473 1353 virginis
499 1321 595 1345 carne
619 1313 814 1354 incorrupta.

278 1382 360 1420 Ave,
385 1382 501 1426 Maria,

279 1431 409 1463 Domini
432 1432 495 1463 mei
518 1435 621 1464 mater
646 1431 739 1473 alma,

281 1478 400 1511 coelica

277 1526 376 1565 plena
398 1526 512 1567 gratia,

277 1597 432 1630 Fecunda
456 1606 526 1638 ego,
549 1599 665 1641 inquit,

280 1645 436 1685 quomodo

278 1702 347 1725 esse
372 1701 494 1734 queam,

277 1750 347 1773 cum
372 1742 473 1773 virum
497 1751 561 1774 non
586 1753 766 1786 agnoscam,

279 1798 320 1822 ex
344 1799 405 1830 quo
431 1798 503 1821 sum
525 1795 613 1834 natu,

277 1840 309 1869 et
333 1846 460 1879 semper
490 1847 681 1878 permanens

276 1886 366 1927 virgo
392 1885 512 1926 pudica

275 1957 300 1989 O
326 1966 402 1989 vere
426 1961 538 1991 sancta

276 2008 371 2045 atque
394 2007 542 2048 amanda,

279 2060 318 2084 ex
344 2062 405 2093 qua
431 2056 479 2085 est
503 2058 575 2087 orta

276 2100 455 2141 redemptio
480 2105 601 2143 nostra,

273 2148 359 2180 salus
392 2157 516 2189 quoque
537 2150 651 2183 mundi

276 2204 416 2237 veraque
440 2196 517 2231 vita.

275 2267 324 2299 Tu
350 2277 383 2300 es
409 2268 493 2299 enim
517 2270 604 2308 patn·
630 2279 713 2313 cara,

273 2318 308 2346 tu
333 2324 365 2348 es
390 2316 469 2348 Jesu
493 2320 597 2350 mater
621 2318 715 2360 bona,

272 2365 308 2395 tu
331 2364 436 2396 sancti

274 2411 413 2452 Spiritus
440 2420 473 2444 es
498 2415 653 2454 templum
677 2413 772 2447 facta.

887 645 948 679 ib.

887 907 946 939 2b.

886 1121 945 1155 3b.

883 1384 942 1417 41).

886 1599 947 1633 51³.

883 1960 942 1993 6b.

882 2271 941 2304 7b.

972 644 1083 677 Oritur

970 695 1006 725 ut
1030 692 1146 726 lucifer

969 741 1054 772 inter
1077 745 1168 774 astra

968 788 1129 831 aetherea,

970 837 1167 876 perpulchra
1188 839 1227 868 ut
1247 837 1335 873 luna,

970 905 1138 946 Purpurea
1161 910 1197 939 ut
1222 907 1317 948 viola,

969 955 1098 987 roscida

967 1004 1003 1033 ut
1027 1011 1110 1040 rosa,

971 1050 1111 1082 candens
1136 1054 1173 1083 ut
1192 1051 1271 1084 lilia.

970 1119 1080 1154 Celsus
1106 1123 1234 1155 nuntiat
1257 1125 1391 1165 angelus

968 1177 1052 1202 nova
1075 1171 1195 1210 gaudia

968 1218 1092 1249 aeterni
1116 1218 1203 1261 regis

970 1268 1116 1297 exortum
1141 1267 1174 1299 in
1200 1269 1289 1299 terra

966 1316 1166 1354 matremque
1183 1315 1251 1354 ejus
1277 1316 1395 1348 salutat
1418 1316 1482 1358 ita3

967 1384 1015 1417 Tu
1040 1385 1213 1418 benedicta

968 1440 1076 1473 regem
1100 1434 1134 1466 in
1159 1433 1288 1466 saecula
1311 1435 1430 1475 paries,

968 1479 1080 1513 effecta

970 1528 1057 1561 orbis
1080 1530 1200 1570 regina.

969 1599 1020 1632 Ne
1042 1600 1168 1641 timeas,
1194 1602 1365 1641 respondit

970 1648 1101 1688 angelus

970 1698 1114 1728 sanctum
1135 1705 1275 1737 pneuma

970 1745 1145 1778 descendet
1167 1746 1202 1778 in
1226 1748 1268 1786 te,
1298 1752 1397 1787 casta,

967 1801 1029 1833 quo
1058 1793 1236 1826 fecundata

966 1840 1074 1880 paries
1099 1841 1204 1874 Deum
1230 1845 1262 1873 et

966 1889 1126 1921 hominem
1151 1899 1225 1922 una.

966 1960 990 1993 Ο
1016 1959 1079 1992 Dei
1103 1962 1208 1994 nostri

966 2008 1105 2048 genitrix
1131 2011 1196 2050 pia,

965 2056 1093 2096 suscipe
1118 2062 1229 2090 nostra

964 2104 1025 2136 hac
1052 2105 1104 2137 die
1128 2109 1271 2147 precata,

964 2152 999 2184 in
1024 2161 1087 2192 qua
1113 2162 1146 2185 es
1176 2158 1342 2195 assumpta

966 2200 1009 2232 ac]
1035 2201 1116 2233 coeli
1141 2203 1290 2235 claustra.

965 2272 1015 2304 Tu
1041 2281 1074 2304 es
1099 2274 1237 2313 pulchra
1259 2274 1323 2306 Dei
1348 2283 1476 2316 sponsa,

964 2320 1013 2352 Tu
1037 2329 1144 2362 regem
1174 2320 1337 2355 Christum
1363 2323 1468 2365 enixa,

966 2369 1096 2401 domina

965 2425 998 2449 es
1023 2417 1057 2449 in
1083 2418 1172 2451 coelo
1198 2421 1230 2450 et
1254 2418 1288 2451 in
1309 2422 1407 2452 terra.
