1655 2637
663 85 929 122 —185—

131 180 191 214 5a.
216 179 303 214 Diva
327 183 450 215 monita

217 238 323 262 comes
350 231 451 271 exipit

215 278 415 319 aegrimonia

183 336 189 342 ⁴
215 327 360 359 membra
385 335 521 368 carpens
546 327 710 369 languida.

827 183 890 218 5b.
912 184 973 217 Die
998 185 1136 224 septima

911 242 1030 273 supera
1053 242 1188 274 sequens

913 281 993 314 coeli
1019 289 1162 313 convexa

911 328 992 361 felix
1016 328 1143 362 scandit
1168 329 1284 362 anima.

132 414 192 447 6a.
219 412 383 446 Plaudens
410 413 518 447 Gallia
828 415 886 448 6b.

216 460 312 493 funus
339 461 461 502 excipit
485 471 524 494 ac

216 509 333 541 inolita
356 513 466 542 servat

214 557 248 588 in
274 557 358 590 aula.

911 415 1009 455 Cujus
1034 424 1093 455 per
1117 424 1221 457 sacra,

912 462 1049 502 Christe,
1077 462 1228 505 suffragia

909 514 1021 543 nostra
1045 511 1188 552 guberna

909 561 1064 599 tempora.

578 651 608 682 7.
634 650 738 682 Amen
766 649 875 683 dicant
900 650 1015 684 omnia.

209 745 233 772 B
261 744 312 772 fol.
339 742 396 771 222
425 745 453 772 b.
475 760 512 764 —
534 745 576 773 Cb
597 745 648 773 fol.
670 744 706 774 66
728 753 755 773 a.
775 760 813 765 -—
833 745 860 773 D
881 745 931 773 fol.
954 743 1009 773 108
1030 745 1057 773 b.
1082 759 1116 764 —-
1138 745 1167 772 K
1186 745 1236 773 fol.
1255 742 1309 772 172
1330 754 1357 773 a.
1379 760 1417 765 —
1436 745 1462 771 L

129 781 180 810 fol.
211 780 266 810 119
292 791 319 810 a,
340 798 379 802 —
400 780 455 818 2a,
487 781 500 810 1
524 784 704 813 Germanum
723 782 818 818 BKL;
848 783 1008 811 Martinum
1032 783 1087 811 Cb:
1116 783 1284 812 Martialem
1312 786 1342 811 et
1359 783 1456 812 Marti-

129 829 201 848 num
221 821 265 856 D3
286 821 338 850 der
356 822 451 850 Name
470 822 619 850 Martialis
641 823 722 858 passt
740 823 788 850 ins
809 822 969 856 Vei-mars,
995 822 1042 850 die
1063 822 1174 850 andern
1194 822 1285 850 nicht.
1306 836 1345 841 —
1364 820 1421 857 Za,
1443 820 1461 849 2

130 861 229 887 eastra
250 860 309 893 Gb;
339 862 423 888 astra
442 861 486 895 D;
516 861 575 889 lira
595 861 630 888 L.
651 877 689 881 —
709 859 768 895 3a,
793 859 806 889 1
828 861 960 888 Luxerat
979 861 1049 893 KL;
1077 861 1224 889 fluxerant
1242 862 1275 889 Β.
1297 876 1334 880 -
1358 858 1415 896 3a,
1443 858 1461 887 2

131 907 270 934 soporum
290 899 326 926 L.
346 914 385 918 —
405 897 461 933 312,
485 897 500 926 1
524 900 581 934 Qui
602 908 686 928 sacro
707 900 851 937 praebens
873 899 910 927 D.
930 913 969 918 —-
988 896 1045 933 3b,
1068 897 1086 926 2
1106 899 1209 927 viatici
1229 900 1272 935 D;
1302 899 1462 936 conloquia

130 937 156 965 B
177 936 232 973 4a,
253 935 273 964 4
293 938 440 974 petiturus
460 939 597 974 gratiam.
615 953 653 958 —-
672 937 725 970 41),
750 936 764 965 1
780 937 953 974 Deposcunt
965 937 1007 973 D3
1027 937 1071 966 Te
1084 939 1211 974 poscunt
1230 937 1280 966 Cb.
1296 954 1334 958 —
1351 938 1424 969 “Pro
1443 961 1461 965 ,Ἴ

132 975 168 1004 de
187 977 290 1004 saneto
308 975 474 1005 Germano“
495 976 533 1011 L;
554 976 629 1004 feria
648 977 693 1005 IV
711 977 846 1005 Paschae
865 975 903 1003 D.

573 1127 633 1159 168.
664 1127 707 1159 De
729 1126 837 1159 sancto
858 1126 1011 1159 Martiali.

128 1227 185 1260 la.
212 1228 300 1259 Aroe
324 1228 473 1267 polorum

211 1277 247 1308 tu
268 1276 390 1308 micans

849 1226 910 1261 lb.
931 1228 1001 1268 Qua
1024 1226 1114 1260 facta
1138 1230 1211 1260 sunt

931 1276 1047 1315 omnia,

208 1323 378 1363 praecelsa
928 1324 985 1355 lux
1009 1331 1088 1356 vera

209 1372 315 1411 patris
342 1372 487 1417 dextera,
929 1371 1117 1413 apostolica.

123 1459 181 1491 Za.
207 1458 326 1491 Annua,
846 1458 906 1491 2b.
929 1458 1080 1490 Adornas

209 1506 374 1539 Martialis
401 1507 490 1540 clara
929 1515 1023 1547 quem
1047 1506 1217 1548 BenJamin
1244 1509 1332 1541 clara

207 1564 268 1595 per
290 1555 372 1587 haec
396 1554 481 1588 fest-,a
928 1557 1033 1587 ortum
1058 1555 1146 1588 trihu

209 1603 270 1636 tibi
295 1603 473 1636 recinenda
926 1603 1118 1645 Israelitica‚

209 1651 350 1692 accipias
926 1650 1099 1684 Lemovica

208 1703 374 1741 gratanter
926 1698 1108 1741 subnixumz

206 1751 327 1789 nostra,
359 1748 497 1793 Christe,
525 1748 685 1781 affamina.
926 1751 1090 1788 pastorem
1117 1749 1239 1783 donans
1267 1750 1433 1786 cathedra.

122 1837 178 1869 32..
204 1836 403 1869 Har-monica
843 1836 902 1869 3b.
927 1834 1082 1868 Almiflua

205 1883 278 1917 fans
301 1894 423 1925 organa
925 1886 980 1916 tua
1008 1884 1124 1917 dextra

203 1935 311 1966 turma
335 1932 459 1965 musica
481 1932 552 1972 tibi,
579 1936 698 1973 rector,
927 1933 1047 1965 electus
1075 1936 1124 1966 est
1145 1933 1198 1966 hio
1223 1932 1411 1974 patriarcha

204 1982 312 2014 omnia
334 1985 464 2024 promat
926 1981 1062 2014 rutilans
1088 1982 1173 2014 inter

208 2030 316 2063 dulcia
339 2030 473 2064 laudum
497 2029 617 2064 munia.
929 2030 1079 2063 duodena
1103 2030 1265 2064 subsellia.

118 2119 176 2152 42.
203 2118 375 2151 Altissima
841 2118 901 2153 4b,
923 2118 975 2150 Ac
999 2119 1134 2159 propria

202 2169 258 2200 tua
282 2176 341 2199 rex
364 2167 451 2199 inter
476 2169 583 2200 castra

202 2216 343 2248 virorum
374 2215 543 2256 designata

205 2264 342 2297 duorum
365 2268 464 2306 atque
488 2263 694 2305 septuaginta

201 2317 364 2354 tamquam
389 2314 439 2347 sol
466 2316 499 2345 et
523 2313 601 2345 luna

201 2364 316 2396 rutilat
338 2362 401 2395 tibi
425 2371 486 2403 per
508 2371 596 2395 arva.

923 2169 980 2199 tua
1004 2176 1064 2207 per
1090 2167 1281 2200 documenta

925 2218 1030 2248 taetus
1056 2215 1127 2248 luce
1150 2216 1265 2249 intima

926 2273 998 2297 oum
1016 2264 1148 2297 cohorte
1163 2268 1217 2298 tua
1240 2274 1342 2299 nexus
1360 2273 1455 2298 saera

923 2316 991 2346 tum
1017 2313 1076 2346 tibi
1103 2313 1217 2346 sedula

921 2362 1073 2402 praebuit
1097 2362 1286 2395 ministeria.
