1655 2637
163 224 223 256 63,

167 740 224 771 23.

173 893 229 925 33.

172 1046 232 1077 43.

178 1248 236 1280 53.

178 1403 235 1435 63.

181 1656 240 1688 va.

173 2146 230 2178 83.

173 2250 229 2282 93.

675 133 934 169 —126—

249 224 316 263 Quo
341 227 484 260 theorica

248 271 374 306 Christo
396 285 459 308 11113

852 231 912 265 ob.

933 231 1094 264 Fruamur
1118 230 1187 263 vita

935 279 1053 319 compti
1078 279 1160 311 stola

602 336 632 368 7.
660 335 843 377 Simplaque
865 340 938 376 post
964 335 1040 369 bina

661 388 794 416 ovanter
818 385 851 416 111
877 385 992 416 saecla.

238 452 265 481 E
285 454 335 482 fol.
356 452 447 484 3241„
468 470 506 476 —
527 457 611 486 Ohne
629 458 767 487 Melodie.

805 459 899 487 Titel:
919 460 1013 487 Justm
1031 461 1200 496 qcrminabit.

601 559 659 591 112.
699 559 742 592 De
762 560 856 592 beata
877 560 979 593 :uaria
1001 562 1035 593 V.

650 641 681 675 1.
709 641 733 674 O
759 640 848 674 beati:

707 689 870 721 theotocos
896 690 990 726 alma,

252 738 312 778 Qui
335 740 370 772 in
395 746 450 773 tua

254 795 289 818 se
313 787 426 821 clausit

258 835 395 878 viscera‚
422 837 508 868 salus
534 841 654 880 nostra,

256 890 445 924 Siderorum
469 889 547 939 [sio]
575 904 697 936 quoque

254 938 342 972 clara
367 949 490 973 summa
513 942 578 974 Dei

255 986 470 1021 aedificantia.

258 1043 460 1085 Responsum
485 1048 610 1087 accepit

258 1101 278 1125 a
302 1093 421 1133 spirim

257 1144 380 1181 sancto,
407 1150 470 1174 non
496 1151 566 1174 sese

257 1190 447 1221 moriturum
474 1194 578 1231 antea,

262 1246 405 1287 Moxque
430 1250 465 1279 ut
490 1246 582 1281 fieret

258 1295 433 1328 humanata

260 1343 402 1384 gloriosa
428 1344 541 1384 deitas.¹

262 1401 401 1442 Tibique
424 1402 495 1435 laus
522 1407 553 1435 et
578 1403 678 1444 gloria

259 1454 415 1483 resonant
438 1454 551 1484 sancta

261 1499 389 1540 agmina
409 1499 505 1532 beata

262 1547 486 1589 virginumque
512 1549 627 1582 chorus

265 1597 422 1632 canentia,

268 1653 369 1694 Quem
393 1654 489 1687 beata
510 1655 601 1695 virgo
626 1665 720 1689 saera

262 1703 368 1736 Maria

261 1752 434 1793 praesepio
460 1751 606 1785 ornabat.

260 1801 285 1834 O
311 1809 436 1841 magna,

260 1859 278 1881 o
302 1848 448 1890 pulchra,

259 1897 354 1929 nimis
381 1905 521 1937 superna

257 1944 478 1977 amantissima
487 1945 493 1975 !

258 1993 356 2032 Quem
383 1992 520 2023 adorant
546 1991 710 2023 beatorum

257 2040 347 2071 chori
372 2042 403 2070 et

252 2086 396 2126 jucunda
421 2084 558 2125 agmina,

260 2144 284 2176 O
311 2142 393 2175 bone
418 2150 477 2173 rex

256 2195 286 2222 et
311 2189 457 2230 gloriose,

254 2247 446 2280 Nostrorum
473 2251 596 2285 quoque

252 2299 385 2335 peccata
416 2292 522 2331 ablue,

630 2358 684 2390 10.
712 2356 757 2389 Ut
783 2356 924 2390 dicamus

712 2404 772 2436 tibi
791 2403 936 2444 gloriam.

857 746 916 778 2b.

860 897 918 930 3b.

862 1049 920 1082 4b.

869 1249 926 1282 512.

871 1403 929 1436 6b.

860 2137 917 2169 Sb.

943 747 992 779 De
1018 747 1151 780 excelsis

939 794 1067 827 humilis

939 842 1026 874 venit
1052 842 1177 876 salvare
1202 848 1325 884 cuncta„

941 899 1040 938 Quem
1065 898 1192 933 Simeon
1215 910 1313 934 senex

941 945 1046 978 Deum
1069 956 1145 980 mox
1168 949 1203 981 in
1225 950 1310 981 ulnis

943 992 1048 1026 ferens
1073 994 1235 1036 mysteria.

942 1049 1054 1083 Donec
1075 1052 1199 1085 videret

944 1106 1052 1138 regem
1075 1109 1185 1142 regum

946 1155 1081 1187 namque
1105 1148 1276 1181 Dominum

947 1191 1089 1226 formans
1115 1196 1194 1228 coeli
1219 1201 1250 1228 et
1274 1200 1387 1231 terrae.

950 1249 1087 1292 Magnas
1110 1261 1147 1285 ae
1174 1253 1307 1286 virtutes

950 1298 1102 1331 mirificas

951 1347 1173 1389 coelorumque
1199 1349 1324 1389 agmina

956 1403 1049 1436 Salus
1076 1408 1107 1436 et
1132 1405 1233 1438 virtus
1260 1412 1401 1448 aeterna,

953 1451 1101 1493 Domine,
1128 1456 1185 1486 tua

956 1500 1047 1533 decet
1073 1503 1255 1535 sanctitudo

954 1558 1040 1581 nunc
1063 1558 1123 1589 per
1147 1550 1275 1584 infinita

954 1598 1090 1630 saecula.

924 1682 930 1687 .
953 1655 1135 1696 Martyrum
1160 1661 1191 1688 et
1216 1656 1429 1689 confessorum

955 1703 1079 1745 devota,

953 1752 1110 1791 virginum
1137 1751 1322 1790 candentia;

953 1800 977 1832 O
1004 1798 1100 1834 Deus,

950 1855 967 1878 ο
993 1847 1086 1878 alma.

950 1895 1034 1925 trina
1060 1898 1091 1924 et
1115 1901 1177 1924 11113

948 1949 1070 1980 quoque
1096 1940 1256 1978 maiestas.

946 1988 1051 2026 Pater,
1079 1985 1164 2018 filius
1193 1992 1385 2028 sanctusque

944 2034 1074 2074 spiritus

947 2090 1010 2113 11113
1035 2081 1182 2113 essentia.

941 2137 1056 2169 Preces
1072 2143 1198 2171 nostras

944 2193 1029 2217 nuno
1054 2190 1089 2217 tu
1114 2187 1250 2228 suscipe.

860 2241 917 2273 eb.
939 2242 1119 2274 Praeterita
1145 2252 1183 2275 38

941 2293 1077 2323 ventura
1104 2292 1202 2324 dilue-
