1655 2637
0 0 96 102 ,r

193 218 222 251 7.
250 217 283 252 Si
306 226 365 258 per
390 217 577 258 compendia

248 276 287 299 ex
308 266 416 299 multis
440 274 544 307 pauca

245 314 408 355 utriusque

248 362 448 396 conferantur
473 366 572 405 gesta,

189 441 220 474 8.
247 439 416 474 Videbitur
439 443 530 473 vetus

245 492 388 521 nostrum
412 497 527 522 novum
550 489 671 530 pascha

245 537 467 570 incunctanter

246 586 428 619 testamenti

244 633 399 674 figurasse
421 642 495 666 una.

188 712 221 744 9.
246 711 296 743 Ae,
319 711 348 742 si
370 719 429 750 per
455 709 604 752 angelum

246 758 307 791 Dei
331 757 432 791 filium

248 810 280 839 et
302 815 362 846 per
385 806 501 838 rubum

247 854 351 887 carnis
376 854 607 896 indumentum,

246 911 305 943 per
328 901 464 941 Moysen
493 903 513 935 J
516 901 671 934 ohannem

249 951 337 983 clara
360 951 424 983 erit
445 949 612 981 intellecta

248 998 308 1030 tibi
333 997 468 1030 assertio
492 1000 613 1037 nostra,

165 1076 221 1109 10.
248 1074 346 1107 Suum
371 1074 413 1105 ad
438 1073 592 1113 populum

247 1126 417 1161 utrumque
440 1122 572 1153 missum

247 1169 407 1202 libertatis
434 1177 529 1201 causa

249 1222 282 1250 et
307 1217 531 1250 dominationis

249 1266 427 1306 adgravata
447 1265 586 1306 jugaque

249 1314 301 1346 vel
325 1313 473 1355 ambigua

249 1361 394 1401 tepentia
419 1361 526 1394 eorda,

169 1440 224 1473 11.
251 1437 316 1470 Sed
343 1446 414 1469 cum
435 1439 700 1470 transcurrantur

252 1486 369 1518 cursim
393 1486 546 1518 nonnulla

250 1534 358 1566 media
380 1534 553 1573 allegorica

252 1591 310 1614 seu
330 1583 400 1614 tota
423 1582 534 1623 typica

248 1626 450 1674 χρόνον-(1116
472 1632 617 1663 nostrum

255 1678 466 1718 designantia,

251 1729 359 1758 tamen
387 1725 572 1758 adhibenda

253 1783 318 1807 non
342 1777 417 1806 sunt
439 1774 615 1815 paschalia,

252 1823 286 1854 in
311 1821 426 1863 quibus
449 1822 576 1863 pepulit

256 1870 380 1903 diutina

254 1918 412 1951 Dominus
437 1918 606 1958 ergastula.

172 1995 229 2029 12.
255 1994 382 2027 Servati
407 1997 439 2026 et
460 1994 639 2034 inrespersi

255 2043 440 2075 sumebatur
460 2043 529 2074 vita
552 2044 637 2086 agni,

257 2099 346 2130 cujus
372 2098 485 2122 cruore
506 2099 571 2123 una

256 2141 365 2179 postes
390 2147 428 2169 ae
449 2137 613 2171 liminaria

254 2186 439 2219 linebantur
463 2189 587 2221 cuncta.

176 2270 231 2304 13.
257 2268 387 2301 Etenim
411 2269 556 2301 nostrum

258 2317 382 2358 pariter
406 2316 536 2356 pascha,

262 2366 364 2398 crucis
393 2364 537 2398 Christus

261 2413 336 2446 tulit
360 2413 552 2454 suspendia3

709 116 948 153 *82*

855 497 911 531 14.

855 869 914 902 15.

858 1146 915 1180 16.

862 1375 917 1411 17.

864 1799 920 1833 18.

934 216 1070 253 uterque
1095 211 1197 251 postis
1222 210 1377 242 intinctus

937 264 968 293 et
990 259 1120 300 piacula

934 309 1018 341 tanti
1043 306 1186 340 criminis

935 356 1098 389 liminaria

936 405 1050 445 templi
1075 412 1147 436 eum
1172 403 1244 436 velo
1270 402 1380 435 scissa.

939 496 994 529 Sic
1019 494 1253 536 primogenitus

936 544 1040 577 Israel
1065 545 1285 583 conservatur,

936 591 1106 632 Aegyptiis
1132 591 1187 632 qui
1213 591 1318 623 carior

938 640 1060 672 cunetis
1084 639 1266 671 habebatur
1290 637 1431 679 populis,

936 691 1090 728 utrosque
1113 688 1186 719 luce
1212 695 1318 719 cassos

937 735 1068 775 parebit
1090 735 1163 768 illos
1194 742 1328 775 corpore

938 784 1002 816 vah
1027 787 1058 815 et
1082 783 1162 816 istos
1187 783 1303 815 anima.

939 868 1025 900 Nam
1047 871 1143 900 noete
1166 868 1276 902 media

940 917 1084 948 claustra
1105 914 1226 948 inferni

940 966 1016 996 sunt
1041 965 1150 996 diruta

938 1011 1145 1052 fideliumque
1170 1012 1311 1044 omnium

941 1059 1122 1100 redemptio
1149 1062 1199 1091 est
1223 1057 1319 1092 faeta.

940 1146 1080 1179 Foetida

938 1194 1007 1234 jam
1029 1193 1193 1227 findantur
1219 1195 1337 1236 coclea,

943 1245 1113 1282 erumpant
1136 1241 1275 1279 confotaq

944 1289 1145 1323 deducantur
1169 1299 1262 1324 nova.

946 1375 1124 1410 Crucifixus
1149 1376 1307 1409 Dominus

943 1434 1003 1464 pro
1027 1424 1157 1457 homine

946 1472 1058 1505 eadem
1086 1473 1148 1513 die,

947 1530 1010 1561 qua
1035 1521 1159 1553 creavit
1180 1521 1352 1564 hominem,

944 1571 1089 1602 mortuus
1115 1572 1212 1610 atque
1236 1570 1393 1611 sepultuS,

945 1617 1035 1648 velut
1058 1618 1093 1649 in
1116 1617 1279 1658 principio

946 1674 1005 1697 sua
1029 1668 1145 1698 cuncta

947 1715 1091 1753 patravit
1115 1722 1223 1754 opera.

949 1799 1090 1833 Sabbato
1115 1809 1254 1841 namque
1280 1800 1401 1842 quievit

948 1848 1094 1889 sepultus
1119 1849 1241 1890 lapide,

948 1899 986 1928 ut
1008 1897 1128 1929 veteris
1155 1901 1270 1930 cuncta

951 1942 1050 1977 fuisse
1075 1943 1203 1978 factura

952 1995 1103 2025 cernatur
1123 1994 1192 2033 jam
1215 2002 1320 2027 novae
1342 1994 1470 2028 umbra.

867 2078 925 2112 19.
949 2079 1022 2111 an
1043 2079 1101 2112 lux

952 2129 1100 2159 occurrat
1127 2130 1251 2169 octava,

955 2183 1036 2215 quae
1061 2177 1111 2207 est
1135 2180 1168 2208 et
1192 2177 1308 2216 prima,

955 2223 1097 2264 evigilet,

955 2272 1010 2311 qui
1036 2272 1212 2304 dormierat

958 2322 990 2350 et
1010 2322 1122 2360 potum
1148 2320 1261 2352 mortis
1285 2319 1425 2361 biberat,

957 2367 1013 2399 det
1036 2368 1123 2400 tristi
1147 2369 1267 2401 mundo
1294 2369 1424 2410 gaudia,

956 2416 1012 2455 qui
1038 2416 1105 2455 ejus
1131 2416 1205 2449 tulit
1230 2419 1375 2458 peecata.
