1655 2637
735 101 974 137 -71—

189 200 245 233 4a.
272 199 366 232 'Dine
386 199 497 233 Maria
888 199 950 234 410.
972 199 1129 231 Aromata

272 248 412 281 Domino
440 248 652 281 dilectissima
974 248 1125 288 deportat
1149 246 1339 279 suavissima

275 305 410 338 surgens
435 305 529 329 mane
972 296 1014 328 ad
1038 294 1189 336 ungenda

278 345 331 377 die
358 344 519 378 dominica
971 343 1116 376 membra
1142 342 1310 375 dominica,

191 403 209 436 5
222 412 251 436 a.
278 403 423 443 Angelus
449 401 556 435 adfuit
889 401 947 436 5b.
971 401 1110 434 Nuntiat
1133 400 1259 432 Mariae

274 451 309 483 111
331 453 422 483 veste
447 451 596 493 candida,
972 452 1085 490 optata
1108 448 1243 489 gaudia:

276 497 360 531 faeie
385 498 523 531 rutilans
976 498 1132 538 ChristUS,
1160 496 1214 537 qui
1239 505 1352 536 passus
1379 498 1429 527 est

275 546 360 578 sieut
384 546 433 580 sol
460 545 596 587 fulgida,
974 546 1077 579 crucis
1102 544 1288 585 suspendia,

276 595 392 627 sedens
418 594 450 626 in
477 596 572 634 parte
971 594 1110 626 redemit
1133 592 1288 624 mundum

278 642 444 683 sepulchri
470 642 615 675 dextera.
972 642 1115 682 spolians
1140 638 1255 673 infera.

190 700 248 734 6a.
273 699 370 732 Nunc
392 700 529 742 intuere,
889 698 948 732 612.
975 697 1124 731 Surrexit
1148 705 1225 729 vere

277 749 470 788 eece-signa
493 747 673 788 perspicua.
972 747 1148 779 seeundum
1173 744 1333 785 promissa
1356 754 1424 785 sua,

275 804 371 828 cerne
397 795 562 836 sepulchri
971 794 1174 834 triumphans
1198 795 1303 825 morte

271 844 345 877 loca
368 852 483 877 vacua.
973 842 1013 875 de
1035 843 1203 882 perpetua.

193 902 252 935 Va.
277 901 371 933 Patri
396 902 566 941 reportans
890 899 948 932 7b.
973 899 1104 933 Cunctis
1129 898 1244 930 nuntia

274 958 359 981 nova
383 949 542 989 trophaea
972 947 1052 979 haec
1076 945 1178 979 verba
1201 954 1283 987 mea,

275 998 397 1029 sanetis
971 995 1063 1028 vobis

273 1044 390 1078 tribuit
412 1053 514 1085 regna
537 1044 674 1079 siderea.
971 1043 1136 1075 videbitur
1159 1042 1194 1073 111
1221 1040 1388 1074 Gallilaea.

191 1103 248 1135 8a.
276 1102 375 1133 Venit
397 1100 507 1134 Maria
889 1100 947 1134 8b.
972 1099 1088 1140 Stupet
1110 1099 1245 1140 Judaea‚

274 1150 426 1182 nuntians
451 1149 540 1189 talia,
969 1149 1067 1189 plena
1092 1146 1241 1189 perfidia,

272 1200 349 1229 tune
376 1197 528 1236 discipuli
971 1195 1098 1229 Christo
1126 1195 1246 1227 dilecta

269 1246 479 1288 praesignant
504 1244 622 1285 gaudia
970 1245 1090 1286 gaudet
1116 1244 1254 1276 ecelesia

274 1293 426 1326 damnata
969 1293 1133 1324 exsultans

273 1341 313 1373 de
337 1343 442 1374 morte
465 1341 610 1373 tristitia.
971 1341 1011 1373 de
1035 1343 1128 1373 tanta
1155 1339 1289 1372 laetitia.

186 1400 244 1433 9a.
269 1398 316 1431 Et
339 1408 398 1432 nos
422 1398 510 1430 inter
885 1398 945 1432 9b.
970 1397 1207 1431 Conlaudemus

268 1450 361 1480 tanta
384 1446 541 1480 solemnia
967 1446 1030 1478 Dei
1055 1445 1227 1486 magnalia.

619 1500 675 1533 10.
704 1498 762 1531 Cui
786 1507 872 1531 nunc
898 1501 931 1531 et
954 1508 1083 1540 semper

701 1547 745 1579 sit
768 1547 881 1588 gloria.

264 1604 289 1632 F
315 1604 366 1632 fol.
387 1602 424 1633 85
456 1612 481 1631 a.
504 1620 542 1642 τ
562 1603 621 1636 4a,
644 1602 659 1631 1
681 1604 768 1633 Nune
787 1604 894 1632 Maria.
915 1619 953 1623 —
976 1603 1034 1640 411,
1056 1602 1075 1631 2
1096 1603 1227 1640 deporta.
1250 1618 1286 1622 —
1307 1604 1366 1632 Die
1386 1603 1521 1638 Sequenz

185 1642 292 1679 gehtirt
311 1643 405 1671 sehon
425 1642 490 1670 (lem
513 1642 761 1680 Ubergangsstile
782 1651 829 1670 an.

620 1717 668 1749 59.
708 1716 746 1748 In
764 1714 1007 1749 Resurrecti'one
1028 1717 1087 1749 DN.

666 1776 697 1808 1.
725 1774 821 1808 Clara
845 1777 999 1806 resonant

722 1831 808 1856 nune
832 1831 962 1863 organa,

186 1877 243 1911 2a.
271 1876 354 1917 Quia
377 1875 501 1917 pascha
885 1874 944 1908 2b.
966 1875 1079 1916 Regna
1101 1874 1137 1907 in
1162 1884 1233 1916 qua,

271 1925 414 1958 celebrat
966 1924 1087 1957 veritas

268 1982 354 2007 nova
375 1972 473 2006 turba
967 1975 1064 2013 atque
1089 1972 1157 2005 vita

272 2021 397 2055 refecta
966 2021 1098 2054 reddita

267 2071 408 2111 spiritali
434 2069 545 2102 azima.
966 2070 1075 2111 patria
1100 2067 1256 2104 clariflua.

182 2131 241 2164 3a.
269 2129 322 2163 Ex
348 2136 424 2162 arce
448 2137 573 2160 summa
882 2128 946 2162 3b.
968 2128 1094 2162 Mundo
1119 2128 1260 2169 mystica

264 2180 466 2219 paternaque
498 2177 633 2210 dextera
964 2177 1128 2210 illustrato
1157 2177 1306 2210 doctrina

262 2227 376 2260 Proles
404 2225 515 2259 divina
967 2225 1079 2259 Crucis
1105 2225 1257 2267 stigmata

264 2277 380 2317 petens
404 2275 472 2307 ima
967 2275 1109 2316 gloriosa

266 2325 307 2358 de
330 2324 479 2366 virginea
502 2322 648 2355 nascitur
672 2323 780 2364 vulva,
967 2323 1068 2356 subiit
1091 2332 1152 2365 pro
1178 2323 1282 2356 salute
1307 2323 1448 2356 humana

266 2373 345 2406 Cum
372 2380 469 2406 earne
492 2381 571 2405 vera
968 2372 1147 2414 Traxitque
1172 2381 1231 2405 sua

263 2422 357 2455 homo
384 2421 490 2455 faetus
515 2421 550 2453 in
575 2423 675 2454 terra.
968 2430 1102 2463 regnum
1132 2420 1175 2453 ad
1200 2421 1347 2462 imperia.
