1655 2637
233 427 288 458 2a.

232 727 288 759 3a.

232 836 288 868 43.

233 945 289 979 53.

230 1290 286 1323 63.

228 1542 283 1576 73.

226 1796 284 1828 83.

227 1905 283 1938 93.

205 2157 284 2191 103.

205 2267 284 2301 113.

739 131 1004 168 -208-

667 247 730 279 189.
751 247 795 278 De
814 244 920 277 sancto
941 241 1060 275 Pontio.

632 321 663 352 1.
691 318 785 351 Celsa
808 317 959 356 personet
984 313 1085 346 melos

688 375 752 398 vox
775 364 808 397 in
833 364 895 397 hac
919 362 994 394 aula

922 418 979 453 2b.

316 425 448 458 Factori
474 427 582 458 creata

313 473 452 513 jubilent

315 520 385 553 Deo
412 523 526 553 cuncta

313 569 346 601 in
372 569 432 601 hac
456 568 635 608 rhythmica

317 616 369 649 die
391 617 553 649 reboando

318 664 467 700 carmina,

315 725 443 758 Prolem
469 727 571 765 patris
596 726 721 757 unicam

313 782 431 813 supera
454 773 586 805 laudent
611 776 706 813 atque
730 772 803 810 ima,

314 835 527 868 Lactabunda
551 843 643 874 quem
665 835 738 876 jure

311 883 446 915 laudant
471 883 597 923 agmina

313 944 409 977 Clara
433 948 559 985 gestant

314 992 348 1024 in
373 1001 436 1031 qua
460 996 556 1025 serta.

315 1039 465 1073 Carmina
489 1039 620 1072 laudum

312 1087 447 1127 suscipe,
475 1087 670 1126 redemptor,

312 1142 386 1166 arce
415 1143 558 1174 3111131113,

311 1183 380 1222 Qua
402 1181 490 1213 Deus

310 1237 424 1270 regnas
449 1238 509 1268 per
534 1230 670 1267 saecula,

313 1291 413 1330 Quam
433 1291 571 1330 pulchra
594 1292 689 1324 nivea

313 1341 497 1370 corruscant

311 1389 488 1426 martyrum
512 1386 619 1426 polica

310 1434 344 1465 111
370 1434 443 1465 aula

309 1483 436 1522 agmina
461 1489 531 1512 cum
556 1482 673 1522 palma,

309 1542 409 1575 Fides
436 1552 569 1583 quorum
593 1542 695 1583 firma,

310 1591 412 1622 virtus
436 1589 586 1630 infracta,

308 1647 406 1678 supra
431 1647 540 1671 veram

307 1687 425 1718 mansit
449 1687 590 1719 solidata

308 1737 361 1766 531
381 1737 519 1774 113113111.

315 1796 444 1830 0031133
467 1797 552 1829 111131
578 1798 695 1831 3110133

307 1844 442 1877 Pontius
462 1845 650 1886 triumphat,

314 1906 423 1946 Stirpe
450 1907 489 1939 de
510 1907 624 1940 inclita

310 1954 405 1986 Ortus
431 1955 465 1987 in
489 1955 646 1988 Romulea

308 2001 389 2033 urbe
413 2000 505 2034 fulsit
528 2004 703 2044 splendida

309 2052 345 2080 ut
367 2049 500 2081 lucerna

310 2096 453 2129 veterna
479 2097 608 2131 diruens
634 2100 778 2135 delubra.

312 2157 476 2199 Sacrilega
502 2163 534 2191 et
558 2169 655 2193 saeva

310 2205 493 2245 ingemebat
516 2210 593 2239 tunc
616 2209 722 2250 turba,

312 2267 392 2299 Pars
419 2269 523 2300 electa

313 2314 447 2347 multum
473 2325 533 2355 per
557 2319 667 2358 ampla

310 2363 535 2404 praepollebat,
563 2375 662 2398 ovans

313 2410 401 2443 orbis
426 2411 566 2445 climata.

918 1289 976 1322 61).

920 1543 979 1577 7b.

917 1798 977 1832 81).

917 1909 976 1942 9b.

895 2163 978 2197 10b.

895 2273 977 2310 111).

1003 417 1054 451 De
1076 418 1170 450 hoste
1194 416 1336 457 maligno

1003 466 1137 500 Pontius

1002 513 1183 555 reportavit

1003 562 1037 594 in
1063 571 1126 602 qua
1151 561 1313 601 trophaea

1003 610 1175 652 praeclara
1198 612 1333 650 peracta

1001 658 1137 691 machia.

1001 720 1065 753 Per
1091 729 1184 761 quam
1210 719 1323 751 mundi
1349 718 1463 751 valida

1000 771 1195 809 perornatur
1219 776 1347 807 semper
1370 765 1531 801 machina..

971 856 978 863 .
1000 830 1226 870 Tripudiando
1254 830 1341 862 celsa

999 879 1034 910 in
1059 878 1193 918 palatia.

972 966 979 973 .
1002 940 1091 979 Quae
1113 949 1201 972 nunc
1226 940 1303 972 boat

1000 988 1081 1020 11333
1107 990 1247 1021 caterva.

998 1033 1118 1070 Annua
1142 1039 1256 1068 5311313

999 1083 1153 1124 martyris
1178 1093 1254 1116 nam
1279 1082 1365 1116 festa

999 1132 1108 1165 Pontii
1133 1132 1220 1164 laeta

1002 1179 1176 1214 celebrans

1001 1228 1141 1260 concinit
1165 1237 1295 1269 organa.

1001 1289 1176 1323 Calcarunt
1198 1291 1292 1323 illata

1000 1342 1163 1370 tormenta

998 1387 1089 1426 jussa
1113 1387 1286 1426 tyrannica

1002 1436 1034 1465 et
1060 1442 1152 1466 cassa

1000 1482 1054 1522 qui
1081 1484 1197 1515 cuncta
1220 1483 1255 1515 in
1279 1491 1368 1515 arva.

1000 1544 1186 1586 Adsignant
1209 1545 1244 1577 in
1268 1554 1330 1577 axe

1000 1601 1082 1632 agno
1107 1593 1235 1625 laureas

1002 1644 1035 1673 et
1058 1641 1196 1684 phialas,

1000 1697 1060 1729 per
1085 1689 1199 1721 aethra
1224 1693 1402 1730 sequuntur

999 1745 1094 1777 quem
1116 1746 1191 1771 11113..

1003 1799 1142 1840 Insignis
1167 1804 1293 1841 martyr
1320 1809 1440 1834 corona

999 1848 1138 1880 rutilans
1164 1853 1341 1883 corruscat.

1000 1910 1131 1943 Pollens
1156 1920 1269 1944 verum
1297 1914 1423 1955 dogma,

999 1958 1088 1992 Urbs
1113 1960 1264 1993 vertebat
1287 1962 1428 1995 orbitam

1003 2007 1106 2039 Roma
1136 2015 1207 2040 cum
1232 2009 1447 2053 millesimam,

999 2055 1221 2089 monarchiam

999 2103 1126 2136 Primus
1134 2103 1262 2139 Christo
1269 2105 1347 2140 fecit
1356 2108 1533 2142 credulam.

1001 2166 1093 2199 Fana
1115 2167 1220 2200 misse
1242 2178 1301 2202 sua

1002 2216 1156 2256 repurgia
1182 2225 1252 2249 cum
1279 2220 1362 2259 ipsa.

1001 2276 1026 2309 O
1054 2286 1150 2317 quam
1173 2280 1262 2314 laeta

1002 2323 1129 2364 piorum
1153 2328 1299 2367 phalanx

1003 2381 1085 2413 prop
1090 2375 1204 2409 erabat
1229 2387 1325 2411 53313.

1003 2419 1046 2452 ad
1077 2423 1183 2456 ovilia.
