1655 2637
707 86 948 121 „59—

237 181 291 210 Bis
313 182 371 209 Str.
387 181 404 210 6
414 183 431 211 b
453 181 545 211 findet
565 183 628 211 sich
649 191 756 212 unsere
769 184 862 212 Prose
882 184 932 212 bei
945 184 1041 212 More]
1054 184 1105 212 ΝΥ.
1121 182 1158 213 68
1175 191 1228 212 aus
1253 186 1334 212 einer
1346 184 1499 212 Luzerner

160 220 359 249 Handschrift
385 221 439 249 des
464 219 509 249 14.
530 221 636 251 Jahrh.
676 222 766 250 Danu
792 222 891 251 brieht
912 222 964 250 der
983 223 1192 260 Herausgeber
1218 223 1254 251 ab
1284 223 1341 251 mit
1364 222 1415 251 der
1442 222 1497 250 Be-

161 258 322 296 merkung:
353 259 432 296 „Ein
456 260 641 289 bestimmtes
659 260 788 289 Meti-um
812 260 1014 289 herzustellen
1040 262 1094 289 hat
1118 261 1217 298 grosse
1243 258 1495 298 Sehwierigkeit.“

161 297 236 325 was
252 297 348 326 Morel
368 299 469 332 bietet,
490 299 544 326 hat
562 299 693 327 Kehrein
712 299 764 327 Nr.
783 297 819 327 95
841 299 1032 336 abgedruckt,
1056 300 1132 328 ohne
1152 300 1200 328 die
1221 300 1356 337 Sequenz
1377 309 1413 328 zu
1432 308 1497 327 ver-

161 335 395 372 vollsffincligen.

628 431 676 463 45.
708 430 869 462 Dominiea
885 431 1034 463 Paschae.

625 512 658 545 1.
684 511 788 545 Canae
811 512 914 544 omnis
939 512 1037 544 turba

188 568 245 600 22.
271 567 377 600 Fonte
399 570 513 600 renata

272 614 472 656 spiritusque
496 616 601 657 gratia

192 679 249 712 3a.
277 677 350 711 Jam
376 677 527 709 restituta

269 734 347 766 pars
374 728 423 757 est
449 725 583 766 decima,

271 772 378 806 fuerat
401 781 483 814 quae
509 775 604 814 eulpa

270 821 410 862 perdita.

187 885 246 917 42.
272 884 360 916 Eece
383 884 556 924 praeclara

276 932 345 964 dies
374 931 534 964 dominica

187 996 245 1028 5a.
269 994 423 1027 Exsultat
439 993 474 1025 iu
499 1003 563 1034 qua

269 1041 362 1082 plebs
388 1042 490 1073 omnis
515 1041 695 1081 redempta,

186 1105 242 1138 6a.
269 1104 353 1136 Dum
381 1103 539 1143 chrisum,
566 1103 679 1135 muudi
703 1102 780 1146 vita,

270 1149 378 1183 infera
402 1151 473 1184 adit
499 1151 650 1194 claustra,

271 1199 381 1232 statim
407 1199 503 1231 turba

271 1248 462 1280 daemonum
486 1246 599 1280 valida

188 1311 207 1345 7
220 1319 249 1343 a.
276 1309 368 1342 Laxa
395 1312 470 1342 sunt,
493 1309 602 1342 vinela

278 1357 478 1399 captivorum
504 1357 623 1400 omnia,

184 1423 245 1457 8a.
273 1421 403 1453 Virtute
427 1422 540 1453 nostra

272 1469 315 1502 ad
339 1468 421 1500 nihil
448 1467 584 1500 redacta

186 1532 243 1565 9a.
271 1532 351 1564 Post
374 1530 439 1562 ista

270 1577 393 1611 flebilia

271 1627 459 1659 daemonum
484 1625 609 1658 famina

268 1675 338 1707 sine
361 1683 452 1707 mora
477 1674 598 1716 alligat.

160 1738 205 1771 10
215 1746 246 1770 a.
271 1737 366 1770 Illico
392 1735 484 1777 plebs
509 1736 639 1777 captiva

268 1793 385 1826 genua*

268 1832 457 1874 amplexans
486 1832 655 1874 dominica,

160 1897 240 1931 lla.
270 1895 407 1938 Christe,
435 1895 489 1937 qui
515 1898 570 1929 tua
594 1896 741 1936 potentia

269 1943 386 1977 venisti
410 1947 523 1977 nostra

159 2010 204 2043 12
215 2017 244 2042 a.
270 2007 340 2040 Nos
366 2008 407 2040 ad
434 2015 536 2048 regna

265 2054 409 2089 transfer
433 2055 586 2089 aetherea

264 2105 374 2146 patria
398 2103 529 2137 reddita

264 2153 403 2195 pristina

270 2202 391 2236 dudum
415 2201 578 2238 fraudata.

159 2268 201 2302 13
212 2275 242 2300 a.
264 2267 349 2321 'Post
373 2268 509 2306 peracta

261 2315 402 2356 insignia

262 2365 451 2405 redemptor
476 2363 643 2396 mirabilia

885 570 945 602 2b.
969 569 1083 602 Laude
1104 569 1249 609 J'ucunda

967 621 998 649 et
1022 619 1129 649 mente
1153 618 1336 658 perspicua.

885 679 944 713 3b.
967 678 1084 720 sieque
1105 679 1234 719 jactura

971 727 1117 760 coelestis
1142 727 1200 759 illa

971 775 1148 816 completur
1173 774 1207 807 in
1232 775 1328 808 laude

971 823 1089 856 divina.

885 885 946 919 41).
967 884 1083 917 Enitet
1110 884 1218 926 ampla

968 942 1028 973 per
1053 932 1140 964 orbis
1166 933 1282 974 spatia,

884 995 945 1029 512.
965 994 1046 1034 Quia
1073 994 1238 1026 destructa

965 1052 1052 1075 mors
1079 1045 1128 1073 est
1151 1045 1318 1082 perpetua.

886 1104 944 1138 6b.
967 1104 1139 1137 Exclamat
1163 1103 1370 1136 tremefacta:

967 1161 1049 1192 quae
1072 1151 1218 1192 potentia
1243 1155 1333 1184 tanta

965 1200 1012 1232 ita
1035 1202 1147 1232 nostra

965 1252 1140 1288 penetrans
1164 1246 1273 1280 atria?

882 1311 901 1343 7
909 1310 940 1343 b.
966 1310 1141 1343 cessarunt
1166 1310 1234 1343 alta

964 1356 1096 1390 fletuum
1121 1358 1268 1399 suspiria.

881 1420 940 1454 8b.
962 1420 1109 1453 Patimur
1133 1420 1206 1460 ipsa

959 1468 1091 1509 jamque
1117 1468 1289 1509 supplicia.

884 1530 943 1566 9b.
967 1529 1141 1563 Confracta

966 1582 1040 1610 sunt
1064 1578 1177 1632 limina
1210 1626 1216 1632 .

968 1635 1107 1659 carceris
1135 1636 1242 1659 omma

966 1675 1051 1715 regis
1077 1675 1119 1707 ad
1144 1675 1292 1715 imperia.

858 1737 945 1772 1010.
968 1736 1089 1770 Libera
1111 1738 1178 1776 jam
1204 1736 1318 1770 effecta

967 1786 1127 1819 exclamat

964 1843 1043 1867 voce
1067 1834 1115 1866 sic
1140 1834 1320 1867 humillima
1332 1845 1338 1866 :

859 1897 900 1930 11
910 1897 941 1931 b.
967 1897 1044 1930 Pius
1070 1896 1239 1930 absolvere
1263 1897 1395 1930 vincula

965 1946 1069 1978 salute
1094 1946 1179 1985 data,

857 2009 940 2042 12b.
963 2008 1080 2042 Redde
1104 2018 1190 2042 nova

965 2059 1094 2090 saeculo
1120 2057 1239 2099 gaudia

964 2114 1135 2148 resurgens
1162 2116 1235 2139 cum
1259 2116 1378 2148 magna

964 2155 1068 2196 gloria

962 2207 1066 2236 morte
1091 2207 1270 2244 perempta.

858 2266 941 2301 1312.
966 2266 1074 2300 Corda
1102 2276 1161 2300 sua

966 2316 1153 2356 praesentia

964 2363 1093 2398 refovet
1114 2364 1306 2406 apostoliea.
