1655 2637
637 108 802 144 -145
857 127 902 133 —

102 205 161 238 Ga.
188 203 304 237 Hostis
329 205 398 238 tela
801 206 862 239 cb.
885 205 940 238 Sic
965 214 1005 238 ex
1028 208 1125 246 petra

185 250 370 286 flamivoma
883 253 1043 294 praebens
1068 253 1233 294 lnnpham

188 301 340 342 detegens
365 301 508 334 immissa
883 302 925 334 ad
951 301 1051 334 vitam
1075 305 1236 334 mortuum

187 349 278 382 dedit
303 348 393 382 farra
884 352 916 381 et
940 353 1126 382 restaurans

184 398 341 430 immensa
365 399 431 430 suis
456 397 555 430 missa
883 397 961 430 solis
983 397 1107 438 spicula
1132 406 1257 430 omnem

185 448 359 485 pneumata
382 455 421 478 ac
882 445 994 477 mundi
1019 444 1104 477 vidit

186 501 339 533 pei-sacra
364 493 481 526 munia.
883 493 978 525 simul
1002 492 1057 525 hic
1080 493 1198 525 ideam.

103 551 157 582 7a.
187 550 278 583 Haec
301 552 378 591 post
401 550 484 583 mira
800 551 857 583 Ἠ).
884 551 1004 585 Carens
1029 558 1122 582 sacra

184 598 332 638 polorum
358 598 426 631 alta
882 599 1027 638 corporis
1053 598 1150 639 gleba

184 646 342 678 scandere
367 647 491 678 animas
881 647 1013 679 tandem
1037 645 1081 679 ad
1104 647 1246 686 aethera,

185 693 340 726 Germani
364 694 547 733 sororisque
882 694 1089 735 praedixerat
1114 695 1198 727 sicut
1219 695 1297 737 jam,

183 740 268 773 vidit
292 744 420 774 sanctas
881 743 921 775 ab
948 742 1084 774 alumnis

185 792 217 821 et
240 790 290 821 sui
318 789 483 829 praedixit
880 789 1037 823 scandere
1063 790 1205 822 cernitur

182 837 338 878 temporis
361 841 488 870 metam.
881 840 948 879 ejus
974 839 1090 870 anima.

98 894 156 929 Sa.
187 894 377 928 Corruscam
394 896 524 935 signans
540 895 634 928 claris
652 896 737 927 viam
797 895 854 930 8b.
877 895 1040 935 Expediet
1066 896 1136 936 quis
1164 895 1260 936 digne
1284 899 1341 928 tua

182 942 233 975 vir
258 943 303 976 ait
330 943 463 984 quibus:
491 943 571 975 haec
597 946 645 975 est
665 943 724 975 illa
879 952 897 975 o
921 943 1098 976 Benedicte
1124 941 1310 984 magnalia?

180 999 297 1032 nempe
325 992 388 1031 via,
872 988 1019 1032 *namque
1042 991 1126 1023 mira

181 1039 376 1071 Benedictus
400 1038 485 1071 abba
877 1039 1008 1071 Virtute
1034 1047 1200 1071 corruscas

182 1087 271 1119 clara
297 1096 368 1118 cum
392 1086 502 1126 palma
878 1086 1005 1127 glebam
1033 1087 1075 1119 ad
1099 1089 1188 1118 tuam

181 1134 310 1167 scandit
331 1143 391 1174 per
415 1143 510 1174 quam
878 1136 1032 1174 exoptata

182 1191 302 1222 supera
325 1180 406 1214 felix
431 1182 473 1214 ad
499 1190 608 1222 regna.
877 1182 1073 1221 praestando
1100 1180 1267 1214 beneficia.

96 1239 154 1272 9a.
182 1239 298 1272 Saecla
321 1243 457 1281 peracta
794 1239 852 1273 eb.
876 1239 941 1271 Fer
967 1240 1011 1272 ad
1035 1247 1155 1280 supera

178 1288 352 1320 novissima
877 1286 952 1320 hinc
972 1288 1110 1327 moenia,

182 1336 331 1369 duodena
878 1335 1057 1368 humillima

179 1387 256 1416 tunc
279 1384 367 1416 intra
393 1383 529 1425 collegia
877 1383 1015 1423 petimus
1041 1383 1214 1425 mancipia,

179 1440 250 1463 cum
281 1433 408 1466 Christo
431 1432 557 1474 judicia
878 1440 1004 1464 sacrum
1031 1431 1235 1464 concinentia

178 1484 213 1511 tu
238 1489 391 1520 suprema
874 1479 1028 1520 Alleluia,

181 1536 369 1561 corruscans
393 1529 427 1560 in
453 1528 532 1560 sede
877 1528 1024 1560 recolunt
1049 1527 1103 1568 qui
1128 1530 1185 1559 tua

183 1576 336 1608 decernes
366 1576 536 1609 senatoria.
875 1584 962 1609 nuno
985 1574 1073 1608 festa
1095 1581 1204 1608 mente
1231 1576 1357 1610 devota.

504 1634 560 1667 10.
587 1633 638 1666 Sit
662 1632 802 1665 trinitati
828 1633 941 1673 gloria‚

586 1690 645 1721 per
673 1689 769 1721 quam
795 1681 904 1713 bearis
925 1684 1068 1721 aeterna,

586 1729 773 1769 Benedicte,
799 1737 859 1769 per
884 1730 1023 1761 saecula.

173 1787 196 1816 Β
216 1786 267 1814 fol.
289 1784 346 1815 243
355 1786 383 1814 b.
403 1800 442 1805 —
460 1787 504 1815 Ca
522 1786 573 1815 fol.
597 1783 650 1814 103
658 1794 684 1814 a-
704 1800 738 1805 -
763 1785 790 1814 E
809 1786 860 1814 fol.
881 1783 938 1813 308
946 1794 973 1813 a.
993 1800 1032 1805 —
1054 1785 1112 1814 Cfr.
1134 1786 1312 1823 Troparium
1326 1787 1431 1816 Niver-

91 1834 182 1855 nense
203 1834 281 1854 saec.
308 1824 340 1853 11
365 1825 434 1853 Cod.
455 1825 601 1853 Parisien.
621 1823 705 1853 9449.
726 1825 763 1851 Σ.
786 1839 822 1844 —-
852 1824 900 1857 la,
921 1823 939 1852 2
959 1824 1081 1853 laudum
1101 1825 1138 1852 Σ.
1163 1841 1203 1846 —
1232 1824 1282 1857 lb,
1306 1825 1324 1854 2
1344 1834 1432 1855 mane

93 1864 244 1893 celebrant
271 1864 304 1892 B.
337 1879 377 1884 —
407 1862 459 1899 Za,
489 1863 508 1892 2
536 1864 665 1900 flagrans
690 1864 752 1892 ΒΣ.
785 1878 823 1882 -
853 1862 905 1896 2a,
935 1862 955 1891 4
979 1864 1029 1900 pie
1053 1863 1115 1891 ΒΣ.
1143 1879 1181 1884 -
1211 1861 1261 1895 3a
1289 1863 1307 1893 3
1339 1865 1433 1894 ardua

92 1902 228 1932 BCaED.
249 1918 288 1922 —-
315 1901 367 1938 321,
388 1901 408 1931 4
427 1902 556 1939 petenda
571 1903 656 1940 regia
675 1902 738 1930 BE.
765 1918 803 1922 ——
829 1899 882 1936 ὃὸ,
904 1901 922 1930 5
945 1910 1072 1940 regnans
1104 1903 1140 1930 Σ.
1170 1918 1207 1922 -
1234 1901 1286 1939 312,
1313 1902 1329 1932 1
1351 1905 1432 1933 Arva

91 1941 143 1971 sed
163 1941 199 1970 E.
220 1957 260 1962 -—
280 1940 333 1977 4a.‚
361 1940 381 1969 4
405 1943 437 1969 in
465 1942 619 1978 primaeva
643 1941 766 1970 flosculo
793 1941 826 1969 B.
853 1955 892 1960 —
917 1941 969 1975 4a,
999 1939 1017 1969 S
1045 1950 1087 1976 sq.
1114 1942 1281 1978 despiciens
1306 1945 1339 1971 in
1363 1945 1432 1980 ispa

92 1980 190 2010 adhuc
209 1981 374 2017 primordia
394 1980 456 2009 ΒΣ.
471 1997 509 2002 -
525 1981 577 2012 4a‚
600 1979 617 2008 9
639 1980 771 2017 pubcdat
791 1980 841 2009 Ca.
859 1994 895 1999 —-
913 1980 965 2014 5a,
987 1977 1008 2008 4
1028 1989 1063 2008 ac
1083 1981 1201 2009 devicta
1221 1981 1281 2009 ΒΣ.
1297 1998 1337 2003 —-
1351 1982 1397 2018 5²²2
1416 1982 1430 2008 ²5

91 2020 203 2049 fraudis
224 2028 339 2048 venena
359 2019 421 2047 ΒΣ.
443 2035 480 2040 -
501 2018 551 2053 5a,
573 2018 590 2047 6
612 2027 654 2055 sq.
678 2028 738 2048 non
757 2020 893 2048 latebant
912 2028 978 2047 eum
1000 2020 1102 2048 abdita
1122 2020 1183 2049 ΒΣ.
1199 2035 1238 2040 -—
1254 2019 1304 2055 eb,
1326 2018 1344 2049 3
1365 2031 1432 2059 pro-

89 2067 203 2095 pagens
229 2059 267 2087 E.
285 2074 325 2079 —-
348 2057 399 2095 Ga,
422 2057 437 2086 1
463 2059 558 2087 hostis
580 2059 689 2086 menda
710 2059 790 2086 GaE.
816 2074 854 2079 ——
884 2055 932 2094 Ga,
954 2056 972 2085 2
998 2067 1078 2095 sqq-2
1105 2060 1245 2095 viperina
1270 2063 1300 2088 et
1325 2064 1433 2089 cuncta

88 2097 205 2126 ludicra
226 2107 284 2133 que
301 2098 406 2126 delusa
426 2099 570 2127 alimenta
589 2099 700 2125 virtute
720 2098 797 2126 mira
816 2098 922 2126 tribuit
942 2097 1067 2126 coelitus
1088 2099 1181 2127 missa
1201 2099 1262 2127 ΒΣ.
1280 2114 1317 2119 ——
1339 2098 1389 2131 612,
1412 2098 1430 2127 5

89 2137 210 2174 specula
230 2136 365 2165 ΒΟειΕΣ.
392 2152 429 2158 --
454 2136 506 2172 va,
526 2135 546 2164 4
565 2144 755 2173 sororemque
777 2135 827 2164 Ca.
849 2152 886 2156 —
907 2134 959 2172 Sa,
983 2135 996 2164 1
1020 2138 1202 2165 Corruscans
1222 2139 1258 2165 Σ.
1279 2152 1318 2158 —
1338 2136 1390 2173 910,
1413 2138 1431 2167 5

90 2177 229 2204 canentia
248 2176 383 2205 BCaEE.
406 2193 415 2196 -
433 2193 442 2197 ε
465 2174 517 2210 91),
539 2176 556 2204 7
580 2184 666 2212 quem
688 2176 740 2204 Ca.

526 2249 582 2284 131.
613 2249 657 2282 De
677 2251 785 2283 sancto
805 2249 983 2283 Benedicto.

90 2310 145 2343 la.
171 2310 320 2343 Laudum
347 2310 492 2343 carmina
791 2309 847 2342 lb.
871 2310 1020 2351 Pangens
1045 2309 1159 2342 inclita

173 2358 312 2392 creatori
337 2358 400 2392 lira
872 2358 1043 2391 Benedicti
1069 2361 1161 2399 gesta

171 2408 302 2449 plaude,
332 2407 392 2448 eia,
871 2415 950 2439 voce
976 2416 1103 2440 canora.

144 2469 183 2492 1η-
188 2478 200 2492 e
206 2475 221 2491 v
226 2475 239 2493 e
245 2479 256 2489 -‹
264 2486 270 2492 .
286 2469 424 2492 Prosarium
439 2468 609 2493 Lemo-:iconae
1220 2462 1256 2493 10
