1655 2637
767 125 1031 161 „236³-

238 224 294 256 4a.
321 221 388 256 Ubi
413 224 594 267 Cherubim,
928 223 987 257 4b.
1011 223 1079 257 Ubi
1104 223 1300 257 conlaudant

320 270 489 313 Seraphim
1011 271 1103 303 milia

323 320 473 353 ardentes
1012 319 1146 360 milium,

322 377 431 401 amore
453 368 557 413 igneo,
1012 376 1077 400 non
1103 371 1231 400 cessant
1255 376 1396 409 congrua

322 417 409 450 socia
1015 416 1132 449 devota

321 464 516 497 exultatione
538 465 656 505 lucida,
1011 473 1091 496 voce
1115 466 1211 504 atque
1237 464 1395 497 dicentia:

239 531 295 565 5a.
322 530 468 572 Sanctus,
499 534 638 574 sanctus,
930 531 990 565 5b.
1013 530 1110 571 Cujus
1134 540 1234 571 opera

319 582 448 611 sanctus
473 579 628 612 Dominus
1012 579 1215 611 admirantur
1240 579 1329 612 clara

321 626 409 660 Deus
435 626 585 668 Sabaoth,
1014 629 1110 667 atque
1134 627 1280 667 praemia

321 675 531 716 omnipotens,
1011 675 1162 707 coelestia

322 723 376 763 qui
402 726 470 756 erat
1011 721 1181 763 fulgebunt

322 772 354 802 et
379 772 433 811 qui
458 773 507 803 est
532 774 563 804 et
1011 771 1155 810 pretiosa

320 818 375 859 qui
398 821 550 851 venturus
577 822 626 851 est
649 820 683 851 in
701 828 758 851 sua
1012 827 1084 850 cum
1108 828 1223 860 magna
1247 820 1460 859 promissione

320 869 488 906 majestate
511 867 693 907 splendida.
1012 875 1202 907 semperque
1226 867 1399 901 manentia.

238 934 295 966 Ga.
322 934 435 974 Tuam,
460 933 607 973 Domine,
928 935 987 968 621.
1013 933 1080 966 Ubi
1101 933 1263 966 Martinus

320 989 489 1021 precamur
517 990 639 1022 quoque
1010 981 1157 1023 pontifex
1183 991 1324 1014 summus

319 1029 597 1071 magnificentiam,
874 1056 883 1065 ,
1010 1032 1107 1070 atque
1130 1028 1317 1070 magnificus

321 1077 368 1109 Te
392 1086 549 1118 rogamus,
1011 1077 1222 1111 Patriarchae

321 1132 434 1165 pacem
457 1124 584 1157 beatam
1009 1125 1165 1158 Abrahae
1189 1126 1261 1158 sinu

320 1175 358 1204 ut
383 1173 538 1205 concedas
561 1172 655 1205 nobis
1011 1173 1173 1213 excipitur
1197 1174 1301 1206 laetus

320 1223 528 1260 praestesque
1010 1221 1166 1253 virtutum

319 1269 450 1300 aeterna
474 1268 625 1308 praemia.
1009 1278 1220 1309 supernarum
1247 1278 1384 1301 consors.

238 1334 293 1366 7a.
322 1334 346 1367 O
372 1334 476 1374 beate,
927 1335 985 1368 7b.
1010 1335 1224 1376 Dispensator

321 1383 446 1423 egregie
468 1385 579 1422 pastor
603 1382 697 1423 bone,
1010 1382 1152 1416 fideliter
1176 1385 1382 1424 talentorum,

241 1449 296 1481 8a.
323 1447 492 1481 Intercede
512 1459 571 1489 pro
596 1449 688 1482 nobis
928 1451 986 1485 8b.
1008 1450 1054 1483 Ut
1078 1451 1236 1491 possimus
1260 1452 1410 1492 consequi

322 1495 364 1528 ad
388 1495 584 1536 Dominum(
1011 1499 1207 1531 consortium

699 1565 731 1598 9.
756 1565 802 1597 Et
826 1567 958 1597 aeterna
982 1566 1109 1606 gaudia.

315 1650 338 1677 B
365 1649 414 1677 fol.
441 1646 497 1677 232
524 1650 551 1677 l).
579 1664 617 1668 —-
642 1647 691 1682 22,
721 1648 741 1677 4
768 1650 826 1686 pie.
856 1665 894 1669 —
920 1647 971 1685 Sa,
1000 1649 1018 1679 6
1045 1659 1089 1687 sq.
1114 1651 1228 1686 angelis
1249 1652 1388 1680 sociatus.
1410 1667 1448 1671 —
1470 1649 1520 1684 31),
1544 1650 1563 1680 2

238 1688 378 1716 societate
399 1688 521 1716 coelum.
542 1701 581 1707 —-
607 1686 659 1722 5a,
681 1685 698 1714 2
719 1696 762 1724 sq.
784 1688 954 1725 e1·mange1n
970 1689 1002 1724 je
1023 1689 1103 1717 einer
1124 1688 1214 1722 silbe,
1236 1698 1297 1717 was
1318 1689 1382 1718 sich
1403 1690 1495 1719 durch
1515 1691 1563 1719 die

236 1726 385 1754 wortliche
408 1726 572 1755 Aufnahme
593 1726 643 1754 des
665 1725 791 1754 Sanctus
812 1726 931 1755 erklart.
947 1742 983 1746 —
998 1726 1048 1760 5³„
1070 1727 1087 1755 7
1109 1730 1155 1756 est
1172 1728 1254 1756 fehlt.
1275 1743 1313 1747 -—
1334 1728 1386 1759 62³
1406 1729 1424 1757 7
1448 1738 1562 1766 preces-

237 1773 308 1801 que;
336 1765 373 1792 ob
394 1765 443 1793 die
461 1765 625 1793 Korrektur
651 1766 692 1802 iJn
710 1765 787 1793 Text.
806 1765 858 1792 das
883 1765 1021 1802 Richtige
1042 1766 1129 1801 trifft,
1157 1766 1252 1795 bleibt
1270 1767 1404 1803 fraglich,
1426 1768 1494 1797 weil
1515 1769 1564 1797 die

238 1802 434 1839 Moglichkoit
454 1804 534 1831 eines
554 1803 660 1831 Aktivs
682 1812 768 1838 preco
788 1803 871 1831 nieht
891 1804 1136 1840 ausgeschlossen
1156 1805 1311 1834 erseheint.

632 1935 690 1967 217.
722 1934 766 1967 De
787 1934 943 1968 Communi
965 1936 1168 1969 confessoris.

733 2026 764 2059 1.
791 2026 898 2059 Adest
923 2025 1007 2059 festa

791 2074 923 2116 gloriosi
947 2084 1042 2108 sacra

236 2152 292 2183 2a.
321 2148 518 2183 Confessoris
926 2151 986 2186 2b.
1012 2153 1081 2192 Qua
1107 2153 1258 2185 deserens

319 2197 504 2231 veneranda
530 2199 582 2231 die
601 2199 770 2240 hodierna,
1008 2199 1121 2233 infima
1144 2201 1357 2234 transvolavit
1382 2201 1425 2233 ad
1449 2202 1526 2234 alta..

235 2277 291 2309 3a.
321 2275 478 2308 Coelestia
926 2275 987 2309 3b.
1013 2277 1185 2311 Canditata

319 2323 428 2356 obviat
452 2323 501 2355 illi
1010 2324 1080 2357 Deo
1105 2325 1199 2366 plebs
1224 2334 1374 2366 promens

318 2372 464 2412 angelica
1010 2382 1089 2406 voce
1113 2374 1253 2414 pulchra

317 2420 492 2461 splendens
516 2423 656 2453 caterva.
1012 2430 1083 2454 cum
1106 2422 1260 2456 melodia
