<?xml version="1.0" encoding="UTF-8"?>
<!DOCTYPE html PUBLIC "-//W3C//DTD XHTML 1.0 Transitional//EN"
    "http://www.w3.org/TR/xhtml1/DTD/xhtml1-transitional.dtd">
<html xmlns="http://www.w3.org/1999/xhtml" xml:lang="en" lang="en">
 <head>
  <title>
</title>
<meta http-equiv="Content-Type" content="text/html;charset=utf-8" />
  <meta name='ocr-system' content='tesseract 3.04.00' />
  <meta name='ocr-capabilities' content='ocr_page ocr_carea ocr_par ocr_line ocrx_word'/>
</head>
<body>
  <div class='ocr_page' id='page_1' title='image "./analectahymnica07drevuoft_00221.png"; bbox 0 0 1655 2637; ppageno 0'>
   <div class='ocr_carea' id='block_1_1' title="bbox 727 121 992 158">
    <p class='ocr_par' dir='ltr' id='par_1_1' title="bbox 727 121 992 158">
     <span class='ocr_line' id='line_1_1' title="bbox 727 121 992 158; baseline 0.008 -2"><span class='ocrx_word' id='word_1_1' title='bbox 727 121 992 158; x_wconf 75' lang='lat'>—214—</span> 
     </span>
    </p>
   </div>
   <div class='ocr_carea' id='block_1_2' title="bbox 486 217 1275 256">
    <p class='ocr_par' dir='ltr' id='par_1_2' title="bbox 486 217 1275 256">
     <span class='ocr_line' id='line_1_2' title="bbox 486 217 1275 256; baseline -0.005 -9"><span class='ocrx_word' id='word_1_2' title='bbox 486 220 584 256; x_wconf 77' lang='lat' dir='ltr'>Atque</span> <span class='ocrx_word' id='word_1_3' title='bbox 601 220 674 248; x_wconf 82' lang='lat' dir='ltr'>laeti</span> <span class='ocrx_word' id='word_1_4' title='bbox 697 218 851 246; x_wconf 78' lang='lat' dir='ltr'>videamus</span> <span class='ocrx_word' id='word_1_5' title='bbox 873 217 1031 250; x_wconf 66' lang='lat' dir='ltr'>Christum</span> <span class='ocrx_word' id='word_1_6' title='bbox 1053 225 1152 253; x_wconf 82' lang='lat' dir='ltr'>regem</span> <span class='ocrx_word' id='word_1_7' title='bbox 1173 219 1275 244; x_wconf 80' lang='lat' dir='ltr'>natum</span> 
     </span>
    </p>
   </div>
   <div class='ocr_carea' id='block_1_3' title="bbox 526 256 946 294">
    <p class='ocr_par' dir='ltr' id='par_1_3' title="bbox 526 256 946 294">
     <span class='ocr_line' id='line_1_3' title="bbox 526 256 946 294; baseline -0.005 -8"><span class='ocrx_word' id='word_1_8' title='bbox 526 259 563 286; x_wconf 82' lang='lat' dir='ltr'>de</span> <span class='ocrx_word' id='word_1_9' title='bbox 581 256 630 293; x_wconf 78' lang='lat' dir='ltr'>(ex</span> <span class='ocrx_word' id='word_1_10' title='bbox 649 258 684 292; x_wconf 75' lang='lat' dir='ltr'>F)</span> <span class='ocrx_word' id='word_1_11' title='bbox 703 258 820 294; x_wconf 68' lang='lat' dir='ltr'>virgine</span> <span class='ocrx_word' id='word_1_12' title='bbox 838 258 946 285; x_wconf 78' lang='lat' dir='ltr'>Max-ia.</span> 
     </span>
    </p>
   </div>
   <div class='ocr_carea' id='block_1_4' title="bbox 199 290 1529 410">
    <p class='ocr_par' dir='ltr' id='par_1_4' title="bbox 199 290 1529 410">
     <span class='ocr_line' id='line_1_4' title="bbox 200 290 1529 332; baseline -0.003 -8"><span class='ocrx_word' id='word_1_13' title='bbox 200 295 252 331; x_wconf 85' lang='lat' dir='ltr'>6b,</span> <span class='ocrx_word' id='word_1_14' title='bbox 273 295 292 324; x_wconf 81' lang='lat'>2</span> <span class='ocrx_word' id='word_1_15' title='bbox 313 296 428 325; x_wconf 77' lang='lat' dir='ltr'>Christo</span> <span class='ocrx_word' id='word_1_16' title='bbox 449 296 524 325; x_wconf 80' lang='lat' dir='ltr'><strong>fehlt</strong></span> <span class='ocrx_word' id='word_1_17' title='bbox 541 297 580 325; x_wconf 92' lang='lat' dir='ltr'>D.</span> <span class='ocrx_word' id='word_1_18' title='bbox 602 312 642 317; x_wconf 87' lang='lat'>——</span> <span class='ocrx_word' id='word_1_19' title='bbox 660 295 710 332; x_wconf 82' lang='grc'>73,</span> <span class='ocrx_word' id='word_1_20' title='bbox 733 294 748 324; x_wconf 90' lang='grc'>1</span> <span class='ocrx_word' id='word_1_21' title='bbox 771 296 955 331; x_wconf 83' lang='lat' dir='ltr'>Regnan&#39;tem</span> <span class='ocrx_word' id='word_1_22' title='bbox 976 292 1114 324; x_wconf 76' lang='lat' dir='ltr'>CaKLO:</span> <span class='ocrx_word' id='word_1_23' title='bbox 1136 296 1280 330; x_wconf 80' lang='lat' dir='ltr'>regnante</span> <span class='ocrx_word' id='word_1_24' title='bbox 1299 293 1360 322; x_wconf 77' lang='grc' dir='ltr'>ΑΡ.</span> <span class='ocrx_word' id='word_1_25' title='bbox 1380 308 1420 313; x_wconf 85' lang='lat'>——</span> <span class='ocrx_word' id='word_1_26' title='bbox 1439 292 1484 328; x_wconf 83' lang='lat' dir='ltr'>7a,</span> <span class='ocrx_word' id='word_1_27' title='bbox 1508 290 1529 321; x_wconf 86' lang='lat'><strong>3</strong></span> 
     </span>
     <span class='ocr_line' id='line_1_5' title="bbox 199 332 1287 371; baseline -0.002 -8"><span class='ocrx_word' id='word_1_28' title='bbox 199 344 291 371; x_wconf 71' lang='lat' dir='ltr'>regna</span> <span class='ocrx_word' id='word_1_29' title='bbox 310 337 490 371; x_wconf 74' lang='lat' dir='ltr'>repromissa</span> <span class='ocrx_word' id='word_1_30' title='bbox 506 336 549 365; x_wconf 82' lang='lat' dir='ltr'>D:</span> <span class='ocrx_word' id='word_1_31' title='bbox 569 336 602 363; x_wconf 87' lang='lat' dir='ltr'>in</span> <span class='ocrx_word' id='word_1_32' title='bbox 621 335 690 364; x_wconf 80' lang='lat' dir='ltr'>sede</span> <span class='ocrx_word' id='word_1_33' title='bbox 711 337 832 363; x_wconf 80' lang='lat' dir='ltr'>aeterna</span> <span class='ocrx_word' id='word_1_34' title='bbox 850 334 910 363; x_wconf 73' lang='lat' dir='ltr'>AF.</span> <span class='ocrx_word' id='word_1_35' title='bbox 930 349 970 353; x_wconf 90' lang='lat'><strong>—</strong></span> <span class='ocrx_word' id='word_1_36' title='bbox 988 332 1032 361; x_wconf 86' lang='lat' dir='ltr'>7b</span> <span class='ocrx_word' id='word_1_37' title='bbox 1053 333 1150 361; x_wconf 78' lang='lat' dir='ltr'>lautet</span> <span class='ocrx_word' id='word_1_38' title='bbox 1169 334 1201 360; x_wconf 90' lang='lat' dir='ltr'>in</span> <span class='ocrx_word' id='word_1_39' title='bbox 1219 332 1287 361; x_wconf 84' lang='lat' dir='ltr'>AF:</span> 
     </span>
     <span class='ocr_line' id='line_1_6' title="bbox 432 372 1230 410; baseline -0.004 -8"><span class='ocrx_word' id='word_1_40' title='bbox 432 374 487 402; x_wconf 88' lang='lat' dir='ltr'>Cui</span> <span class='ocrx_word' id='word_1_41' title='bbox 509 377 553 403; x_wconf 83' lang='lat' dir='ltr'>est</span> <span class='ocrx_word' id='word_1_42' title='bbox 575 374 669 402; x_wconf 76' lang='lat' dir='ltr'>honor</span> <span class='ocrx_word' id='word_1_43' title='bbox 689 377 734 402; x_wconf 82' lang='lat' dir='ltr'>est</span> <span class='ocrx_word' id='word_1_44' title='bbox 752 375 884 410; x_wconf 83' lang='lat' dir='ltr'>potestas</span> <span class='ocrx_word' id='word_1_45' title='bbox 909 375 1031 401; x_wconf 82' lang='lat' dir='ltr'>aeterna</span> <span class='ocrx_word' id='word_1_46' title='bbox 1049 374 1082 400; x_wconf 88' lang='lat' dir='ltr'>in</span> <span class='ocrx_word' id='word_1_47' title='bbox 1102 372 1230 400; x_wconf 78' lang='grc'><strong>53001113..</strong></span> 
     </span>
    </p>
   </div>
   <div class='ocr_carea' id='block_1_5' title="bbox 202 529 263 563">
    <p class='ocr_par' dir='ltr' id='par_1_5' title="bbox 202 529 263 563">
     <span class='ocr_line' id='line_1_7' title="bbox 202 529 263 563; baseline -0.049 0"><span class='ocrx_word' id='word_1_48' title='bbox 202 529 263 563; x_wconf 73' lang='lat' dir='ltr'>ia.</span> 
     </span>
    </p>
   </div>
   <div class='ocr_carea' id='block_1_6' title="bbox 202 730 258 763">
    <p class='ocr_par' dir='ltr' id='par_1_6' title="bbox 202 730 258 763">
     <span class='ocr_line' id='line_1_8' title="bbox 202 730 258 763; baseline -0.036 0"><span class='ocrx_word' id='word_1_49' title='bbox 202 730 258 763; x_wconf 71' lang='lat' dir='ltr'>aa.</span> 
     </span>
    </p>
   </div>
   <div class='ocr_carea' id='block_1_7' title="bbox 204 979 265 1012">
    <p class='ocr_par' dir='ltr' id='par_1_7' title="bbox 204 979 265 1012">
     <span class='ocr_line' id='line_1_9' title="bbox 204 979 265 1012; baseline -0.049 0"><span class='ocrx_word' id='word_1_50' title='bbox 204 979 265 1012; x_wconf 83' lang='grc'>33.</span> 
     </span>
    </p>
   </div>
   <div class='ocr_carea' id='block_1_8' title="bbox 205 1178 263 1211">
    <p class='ocr_par' dir='ltr' id='par_1_8' title="bbox 205 1178 263 1211">
     <span class='ocr_line' id='line_1_10' title="bbox 205 1178 263 1211; baseline -0.017 -1"><span class='ocrx_word' id='word_1_51' title='bbox 205 1178 263 1211; x_wconf 78' lang='grc'><strong>43.</strong></span> 
     </span>
    </p>
   </div>
   <div class='ocr_carea' id='block_1_9' title="bbox 208 1521 262 1553">
    <p class='ocr_par' dir='ltr' id='par_1_9' title="bbox 208 1521 262 1553">
     <span class='ocr_line' id='line_1_11' title="bbox 208 1521 262 1553; baseline -0.037 0"><span class='ocrx_word' id='word_1_52' title='bbox 208 1521 262 1553; x_wconf 88' lang='grc'>53.</span> 
     </span>
    </p>
   </div>
   <div class='ocr_carea' id='block_1_10' title="bbox 208 1674 262 1706">
    <p class='ocr_par' dir='ltr' id='par_1_10' title="bbox 208 1674 262 1706">
     <span class='ocr_line' id='line_1_12' title="bbox 208 1674 262 1706; baseline 0 -1"><span class='ocrx_word' id='word_1_53' title='bbox 208 1674 262 1706; x_wconf 87' lang='grc'><strong>63.</strong></span> 
     </span>
    </p>
   </div>
   <div class='ocr_carea' id='block_1_11' title="bbox 209 1970 266 2001">
    <p class='ocr_par' dir='ltr' id='par_1_11' title="bbox 209 1970 266 2001">
     <span class='ocr_line' id='line_1_13' title="bbox 209 1970 266 2001; baseline -0.018 0"><span class='ocrx_word' id='word_1_54' title='bbox 209 1970 266 2001; x_wconf 73' lang='lat' dir='ltr'>&#39;Ya-</span> 
     </span>
    </p>
   </div>
   <div class='ocr_carea' id='block_1_12' title="bbox 210 2124 265 2156">
    <p class='ocr_par' dir='ltr' id='par_1_12' title="bbox 210 2124 265 2156">
     <span class='ocr_line' id='line_1_14' title="bbox 210 2124 265 2156; baseline -0.055 0"><span class='ocrx_word' id='word_1_55' title='bbox 210 2124 265 2156; x_wconf 88' lang='grc'>83.</span> 
     </span>
    </p>
   </div>
   <div class='ocr_carea' id='block_1_13' title="bbox 637 464 1089 506">
    <p class='ocr_par' dir='ltr' id='par_1_13' title="bbox 637 464 1089 506">
     <span class='ocr_line' id='line_1_15' title="bbox 637 464 1089 506; baseline -0.002 -9"><span class='ocrx_word' id='word_1_56' title='bbox 637 465 700 499; x_wconf 76' lang='lat'>194.</span> <span class='ocrx_word' id='word_1_57' title='bbox 732 465 773 497; x_wconf 85' lang='lat' dir='ltr'>De</span> <span class='ocrx_word' id='word_1_58' title='bbox 795 467 903 498; x_wconf 82' lang='lat' dir='ltr'>sancto</span> <span class='ocrx_word' id='word_1_59' title='bbox 920 464 1089 506; x_wconf 81' lang='lat' dir='ltr'>Stephano.</span> 
     </span>
    </p>
   </div>
   <div class='ocr_carea' id='block_1_14' title="bbox 284 528 701 712">
    <p class='ocr_par' dir='ltr' id='par_1_14' title="bbox 284 528 701 712">
     <span class='ocr_line' id='line_1_16' title="bbox 291 528 538 560; baseline -0.004 0"><span class='ocrx_word' id='word_1_60' title='bbox 291 528 538 560; x_wconf 87' lang='lat' dir='ltr'>Praecentorum</span> 
     </span>
     <span class='ocr_line' id='line_1_17' title="bbox 288 578 701 616; baseline -0.002 -9"><span class='ocrx_word' id='word_1_61' title='bbox 288 578 571 616; x_wconf 81' lang='lat' dir='ltr'>succentorumquc</span> <span class='ocrx_word' id='word_1_62' title='bbox 597 578 701 607; x_wconf 81' lang='lat' dir='ltr'>turma</span> 
     </span>
     <span class='ocr_line' id='line_1_18' title="bbox 286 624 652 663; baseline -0.005 -7"><span class='ocrx_word' id='word_1_63' title='bbox 286 626 573 663; x_wconf 81' lang='lat' dir='ltr'>concentorumque</span> <span class='ocrx_word' id='word_1_64' title='bbox 596 624 652 663; x_wconf 86' lang='lat' dir='ltr'>pia</span> 
     </span>
     <span class='ocr_line' id='line_1_19' title="bbox 284 671 658 712; baseline 0 -8"><span class='ocrx_word' id='word_1_65' title='bbox 284 674 434 712; x_wconf 80' lang='lat' dir='ltr'>personet</span> <span class='ocrx_word' id='word_1_66' title='bbox 458 671 555 703; x_wconf 85' lang='lat' dir='ltr'>laude</span> <span class='ocrx_word' id='word_1_67' title='bbox 583 680 658 704; x_wconf 81' lang='grc'><strong>11113.</strong></span> 
     </span>
    </p>
   </div>
   <div class='ocr_carea' id='block_1_15' title="bbox 283 728 764 1159">
    <p class='ocr_par' dir='ltr' id='par_1_15' title="bbox 286 728 537 771">
     <span class='ocr_line' id='line_1_20' title="bbox 286 728 537 771; baseline -0.012 -10"><span class='ocrx_word' id='word_1_68' title='bbox 286 728 358 762; x_wconf 83' lang='grc' dir='ltr'>Η30</span> <span class='ocrx_word' id='word_1_69' title='bbox 384 728 445 771; x_wconf 89' lang='lat' dir='ltr'>die,</span> <span class='ocrx_word' id='word_1_70' title='bbox 474 736 537 768; x_wconf 83' lang='lat' dir='ltr'>qua</span> 
     </span>
    </p>

    <p class='ocr_par' dir='ltr' id='par_1_16' title="bbox 283 775 734 961">
     <span class='ocr_line' id='line_1_21' title="bbox 283 775 586 809; baseline -0.003 -1"><span class='ocrx_word' id='word_1_71' title='bbox 283 777 407 809; x_wconf 84' lang='lat' dir='ltr'>instant</span> <span class='ocrx_word' id='word_1_72' title='bbox 430 775 586 808; x_wconf 73' lang='lat' dir='ltr'>solemnia</span> 
     </span>
     <span class='ocr_line' id='line_1_22' title="bbox 284 823 734 864; baseline -0.004 -8"><span class='ocrx_word' id='word_1_73' title='bbox 284 824 438 864; x_wconf 82' lang='lat' dir='ltr'>Stephani</span> <span class='ocrx_word' id='word_1_74' title='bbox 462 823 614 864; x_wconf 81' lang='lat' dir='ltr'>martyris</span> <span class='ocrx_word' id='word_1_75' title='bbox 640 823 734 862; x_wconf 85' lang='lat' dir='ltr'>alma,</span> 
     </span>
     <span class='ocr_line' id='line_1_23' title="bbox 285 870 704 904; baseline 0 -1"><span class='ocrx_word' id='word_1_76' title='bbox 285 872 425 904; x_wconf 84' lang='lat' dir='ltr'>maxima</span> <span class='ocrx_word' id='word_1_77' title='bbox 450 870 704 903; x_wconf 86' lang='lat' dir='ltr'>concelebranda</span> 
     </span>
     <span class='ocr_line' id='line_1_24' title="bbox 286 919 399 961; baseline 0.009 -10"><span class='ocrx_word' id='word_1_78' title='bbox 286 919 399 961; x_wconf 82' lang='lat' dir='ltr'>gloria.</span> 
     </span>
    </p>

    <p class='ocr_par' dir='ltr' id='par_1_17' title="bbox 285 976 764 1057">
     <span class='ocr_line' id='line_1_25' title="bbox 293 976 764 1016; baseline -0.004 -7"><span class='ocrx_word' id='word_1_79' title='bbox 293 976 370 1009; x_wconf 86' lang='lat' dir='ltr'>Sors</span> <span class='ocrx_word' id='word_1_80' title='bbox 397 976 614 1016; x_wconf 84' lang='lat' dir='ltr'>apostolorum</span> <span class='ocrx_word' id='word_1_81' title='bbox 639 976 764 1008; x_wconf 85' lang='lat' dir='ltr'>scilicet</span> 
     </span>
     <span class='ocr_line' id='line_1_26' title="bbox 285 1032 408 1057; baseline -0.016 0"><span class='ocrx_word' id='word_1_82' title='bbox 285 1032 408 1057; x_wconf 78' lang='lat' dir='ltr'>summa</span> 
     </span>
    </p>

    <p class='ocr_par' dir='ltr' id='par_1_18' title="bbox 288 1069 652 1104">
     <span class='ocr_line' id='line_1_27' title="bbox 288 1069 652 1104; baseline -0.005 0"><span class='ocrx_word' id='word_1_83' title='bbox 288 1080 326 1104; x_wconf 90' lang='lat' dir='ltr'>ac</span> <span class='ocrx_word' id='word_1_84' title='bbox 350 1070 521 1103; x_wconf 78' lang='lat' dir='ltr'>levitarum</span> <span class='ocrx_word' id='word_1_85' title='bbox 544 1069 652 1103; x_wconf 82' lang='lat' dir='ltr'>officia</span> 
     </span>
    </p>

    <p class='ocr_par' dir='ltr' id='par_1_19' title="bbox 288 1119 662 1159">
     <span class='ocr_line' id='line_1_28' title="bbox 288 1119 662 1159; baseline -0.005 -7"><span class='ocrx_word' id='word_1_86' title='bbox 288 1128 324 1152; x_wconf 87' lang='lat' dir='ltr'>eo</span> <span class='ocrx_word' id='word_1_87' title='bbox 350 1119 464 1151; x_wconf 82' lang='lat' dir='ltr'>ordine</span> <span class='ocrx_word' id='word_1_88' title='bbox 485 1120 662 1159; x_wconf 81' lang='lat' dir='ltr'>moderata,</span> 
     </span>
    </p>
   </div>
   <div class='ocr_carea' id='block_1_16' title="bbox 285 1175 797 1496">
    <p class='ocr_par' dir='ltr' id='par_1_20' title="bbox 289 1175 489 1209">
     <span class='ocr_line' id='line_1_29' title="bbox 289 1175 489 1209; baseline -0.005 -1"><span class='ocrx_word' id='word_1_89' title='bbox 289 1175 386 1209; x_wconf 84' lang='lat' dir='ltr'>Unde</span> <span class='ocrx_word' id='word_1_90' title='bbox 409 1184 489 1208; x_wconf 88' lang='grc'><strong>1111115</strong></span> 
     </span>
    </p>

    <p class='ocr_par' dir='ltr' id='par_1_21' title="bbox 288 1223 564 1264">
     <span class='ocr_line' id='line_1_30' title="bbox 288 1223 564 1264; baseline 0.004 -10"><span class='ocrx_word' id='word_1_91' title='bbox 288 1223 447 1264; x_wconf 88' lang='lat' dir='ltr'>patrando</span> <span class='ocrx_word' id='word_1_92' title='bbox 472 1223 564 1263; x_wconf 85' lang='lat' dir='ltr'>signa</span> 
     </span>
    </p>

    <p class='ocr_par' dir='ltr' id='par_1_22' title="bbox 289 1271 576 1311">
     <span class='ocr_line' id='line_1_31' title="bbox 289 1271 576 1311; baseline 0 -8"><span class='ocrx_word' id='word_1_93' title='bbox 289 1271 429 1304; x_wconf 79' lang='lat' dir='ltr'>Suscitat</span> <span class='ocrx_word' id='word_1_94' title='bbox 451 1271 576 1311; x_wconf 79' lang='lat' dir='ltr'>proelia</span> 
     </span>
    </p>

    <p class='ocr_par' dir='ltr' id='par_1_23' title="bbox 289 1318 560 1359">
     <span class='ocr_line' id='line_1_32' title="bbox 289 1318 560 1359; baseline 0.004 -9"><span class='ocrx_word' id='word_1_95' title='bbox 289 1318 411 1359; x_wconf 86' lang='lat' dir='ltr'>primus</span> <span class='ocrx_word' id='word_1_96' title='bbox 435 1318 560 1359; x_wconf 86' lang='lat' dir='ltr'>herilia,</span> 
     </span>
    </p>

    <p class='ocr_par' dir='ltr' id='par_1_24' title="bbox 285 1366 594 1407">
     <span class='ocr_line' id='line_1_33' title="bbox 285 1366 594 1407; baseline 0.003 -9"><span class='ocrx_word' id='word_1_97' title='bbox 285 1366 361 1398; x_wconf 83' lang='lat' dir='ltr'>ideo</span> <span class='ocrx_word' id='word_1_98' title='bbox 380 1366 455 1407; x_wconf 81' lang='lat' dir='ltr'>jure</span> <span class='ocrx_word' id='word_1_99' title='bbox 479 1375 594 1399; x_wconf 83' lang='lat' dir='ltr'>norma</span> 
     </span>
    </p>

    <p class='ocr_par' dir='ltr' id='par_1_25' title="bbox 289 1413 430 1446">
     <span class='ocr_line' id='line_1_34' title="bbox 289 1413 430 1446; baseline 0.007 -1"><span class='ocrx_word' id='word_1_100' title='bbox 289 1413 430 1446; x_wconf 81' lang='lat' dir='ltr'>Vocatur</span> 
     </span>
    </p>

    <p class='ocr_par' dir='ltr' id='par_1_26' title="bbox 287 1462 797 1496">
     <span class='ocr_line' id='line_1_35' title="bbox 287 1462 797 1496; baseline 0.004 -2"><span class='ocrx_word' id='word_1_101' title='bbox 287 1462 411 1494; x_wconf 81' lang='lat' dir='ltr'>meritis</span> <span class='ocrx_word' id='word_1_102' title='bbox 436 1462 572 1494; x_wconf 81' lang='lat' dir='ltr'>nominis</span> <span class='ocrx_word' id='word_1_103' title='bbox 597 1464 647 1495; x_wconf 87' lang='lat' dir='ltr'>sui</span> <span class='ocrx_word' id='word_1_104' title='bbox 672 1472 797 1496; x_wconf 85' lang='lat' dir='ltr'>corona.</span> 
     </span>
    </p>
   </div>
   <div class='ocr_carea' id='block_1_17' title="bbox 285 1518 700 1856">
    <p class='ocr_par' dir='ltr' id='par_1_27' title="bbox 285 1518 700 1759">
     <span class='ocr_line' id='line_1_36' title="bbox 287 1518 700 1561; baseline 0.005 -11"><span class='ocrx_word' id='word_1_105' title='bbox 287 1519 376 1551; x_wconf 89' lang='lat' dir='ltr'>Dant</span> <span class='ocrx_word' id='word_1_106' title='bbox 400 1518 528 1551; x_wconf 83' lang='lat' dir='ltr'>sibimet</span> <span class='ocrx_word' id='word_1_107' title='bbox 551 1519 700 1561; x_wconf 86' lang='lat' dir='ltr'>obliqua:</span> 
     </span>
     <span class='ocr_line' id='line_1_37' title="bbox 285 1567 632 1608; baseline 0 -9"><span class='ocrx_word' id='word_1_108' title='bbox 285 1569 413 1599; x_wconf 85' lang='lat' dir='ltr'>sanctus</span> <span class='ocrx_word' id='word_1_109' title='bbox 439 1567 632 1608; x_wconf 80' lang='lat' dir='ltr'>precamina,</span> 
     </span>
     <span class='ocr_line' id='line_1_38' title="bbox 290 1616 675 1656; baseline 0.008 -11"><span class='ocrx_word' id='word_1_110' title='bbox 290 1623 368 1647; x_wconf 79' lang='lat' dir='ltr'>saxa</span> <span class='ocrx_word' id='word_1_111' title='bbox 392 1623 515 1656; x_wconf 83' lang='lat' dir='ltr'>quoque</span> <span class='ocrx_word' id='word_1_112' title='bbox 540 1616 675 1650; x_wconf 77' lang='lat' dir='ltr'>Judaea.</span> 
     </span>
     <span class='ocr_line' id='line_1_39' title="bbox 291 1671 615 1714; baseline 0 -9"><span class='ocrx_word' id='word_1_113' title='bbox 291 1671 345 1705; x_wconf 88' lang='lat' dir='ltr'>Sic</span> <span class='ocrx_word' id='word_1_114' title='bbox 367 1675 492 1713; x_wconf 62' lang='lat' dir='ltr'>martyr</span> <span class='ocrx_word' id='word_1_115' title='bbox 516 1682 615 1714; x_wconf 84' lang='lat' dir='ltr'>regna</span> 
     </span>
     <span class='ocr_line' id='line_1_40' title="bbox 291 1720 447 1759; baseline 0 -8"><span class='ocrx_word' id='word_1_116' title='bbox 291 1720 447 1759; x_wconf 86' lang='lat' dir='ltr'>trophaea</span> 
     </span>
    </p>

    <p class='ocr_par' dir='ltr' id='par_1_28' title="bbox 288 1766 651 1856">
     <span class='ocr_line' id='line_1_41' title="bbox 288 1766 651 1802; baseline 0.008 -3"><span class='ocrx_word' id='word_1_117' title='bbox 288 1766 432 1800; x_wconf 85' lang='lat' dir='ltr'>referens</span> <span class='ocrx_word' id='word_1_118' title='bbox 456 1768 499 1800; x_wconf 90' lang='lat' dir='ltr'>ad</span> <span class='ocrx_word' id='word_1_119' title='bbox 525 1769 651 1802; x_wconf 83' lang='lat' dir='ltr'>excelsa</span> 
     </span>
     <span class='ocr_line' id='line_1_42' title="bbox 290 1816 614 1856; baseline 0.003 -8"><span class='ocrx_word' id='word_1_120' title='bbox 290 1816 323 1848; x_wconf 88' lang='lat' dir='ltr'>in</span> <span class='ocrx_word' id='word_1_121' title='bbox 349 1816 424 1847; x_wconf 82' lang='grc'><strong>31113</strong></span> <span class='ocrx_word' id='word_1_122' title='bbox 446 1820 614 1856; x_wconf 83' lang='lat' dir='ltr'>permanet</span> 
     </span>
    </p>
   </div>
   <div class='ocr_carea' id='block_1_18' title="bbox 292 1864 835 1905">
    <p class='ocr_par' dir='ltr' id='par_1_29' title="bbox 292 1864 835 1905">
     <span class='ocr_line' id='line_1_43' title="bbox 292 1864 835 1905; baseline 0.006 -10"><span class='ocrx_word' id='word_1_123' title='bbox 292 1864 459 1905; x_wconf 80' lang='lat' dir='ltr'>astrigera,</span> <span class='ocrx_word' id='word_1_124' title='bbox 487 1864 600 1905; x_wconf 83' lang='lat' dir='ltr'>dignus</span> <span class='ocrx_word' id='word_1_125' title='bbox 617 1873 744 1905; x_wconf 83' lang='lat' dir='ltr'>semper</span> <span class='ocrx_word' id='word_1_126' title='bbox 764 1866 835 1898; x_wconf 85' lang='lat' dir='ltr'>ath—</span> 
     </span>
    </p>
   </div>
   <div class='ocr_carea' id='block_1_19' title="bbox 621 1914 697 1946">
    <p class='ocr_par' dir='ltr' id='par_1_30' title="bbox 621 1914 697 1946">
     <span class='ocr_line' id='line_1_44' title="bbox 621 1914 697 1946; baseline 0.013 -1"><span class='ocrx_word' id='word_1_127' title='bbox 621 1914 697 1946; x_wconf 87' lang='lat' dir='ltr'>leta.</span> 
     </span>
    </p>
   </div>
   <div class='ocr_carea' id='block_1_20' title="bbox 288 1969 726 2056">
    <p class='ocr_par' dir='ltr' id='par_1_31' title="bbox 288 1969 726 2056">
     <span class='ocr_line' id='line_1_45' title="bbox 289 1969 726 2010; baseline 0.002 -8"><span class='ocrx_word' id='word_1_128' title='bbox 289 1969 379 2002; x_wconf 78' lang='lat' dir='ltr'>Voce</span> <span class='ocrx_word' id='word_1_129' title='bbox 404 1974 575 2010; x_wconf 71' lang='lat' dir='ltr'>concrepet</span> <span class='ocrx_word' id='word_1_130' title='bbox 597 1970 726 2003; x_wconf 77' lang='lat' dir='ltr'>menica</span> 
     </span>
     <span class='ocr_line' id='line_1_46' title="bbox 288 2025 474 2056; baseline 0.011 -9"><span class='ocrx_word' id='word_1_131' title='bbox 288 2025 356 2056; x_wconf 78' lang='lat' dir='ltr'>Jam</span> <span class='ocrx_word' id='word_1_132' title='bbox 381 2025 474 2049; x_wconf 79' lang='lat' dir='ltr'>sacra</span> 
     </span>
    </p>
   </div>
   <div class='ocr_carea' id='block_1_21' title="bbox 290 2066 691 2108">
    <p class='ocr_par' dir='ltr' id='par_1_32' title="bbox 290 2066 691 2108">
     <span class='ocr_line' id='line_1_47' title="bbox 290 2066 691 2108; baseline 0.01 -13"><span class='ocrx_word' id='word_1_133' title='bbox 290 2072 350 2104; x_wconf 84' lang='lat' dir='ltr'>per</span> <span class='ocrx_word' id='word_1_134' title='bbox 371 2073 520 2097; x_wconf 85' lang='lat' dir='ltr'>numeros</span> <span class='ocrx_word' id='word_1_135' title='bbox 546 2066 691 2108; x_wconf 78' lang='lat' dir='ltr'>ecclesia,</span> 
     </span>
    </p>
   </div>
   <div class='ocr_carea' id='block_1_22' title="bbox 292 2121 772 2450">
    <p class='ocr_par' dir='ltr' id='par_1_33' title="bbox 293 2121 634 2162">
     <span class='ocr_line' id='line_1_48' title="bbox 293 2121 634 2162; baseline 0 -7"><span class='ocrx_word' id='word_1_136' title='bbox 293 2122 317 2155; x_wconf 97' lang='lat' dir='ltr'>O</span> <span class='ocrx_word' id='word_1_137' title='bbox 342 2121 476 2162; x_wconf 78' lang='lat' dir='ltr'>insignis</span> <span class='ocrx_word' id='word_1_138' title='bbox 501 2123 634 2162; x_wconf 75' lang='lat' dir='ltr'>athleta,</span> 
     </span>
    </p>

    <p class='ocr_par' dir='ltr' id='par_1_34' title="bbox 292 2169 533 2209">
     <span class='ocr_line' id='line_1_49' title="bbox 292 2169 533 2209; baseline 0.008 -9"><span class='ocrx_word' id='word_1_139' title='bbox 292 2169 352 2209; x_wconf 82' lang='lat' dir='ltr'>Qui</span> <span class='ocrx_word' id='word_1_140' title='bbox 375 2170 533 2209; x_wconf 84' lang='lat' dir='ltr'>trophaea</span> 
     </span>
    </p>

    <p class='ocr_par' dir='ltr' id='par_1_35' title="bbox 292 2217 526 2258">
     <span class='ocr_line' id='line_1_50' title="bbox 292 2217 526 2258; baseline 0.004 -9"><span class='ocrx_word' id='word_1_141' title='bbox 292 2217 416 2258; x_wconf 74' lang='lat' dir='ltr'>primus</span> <span class='ocrx_word' id='word_1_142' title='bbox 440 2218 526 2250; x_wconf 84' lang='lat' dir='ltr'>alma</span> 
     </span>
    </p>

    <p class='ocr_par' dir='ltr' id='par_1_36' title="bbox 293 2265 507 2298">
     <span class='ocr_line' id='line_1_51' title="bbox 293 2265 507 2298; baseline 0 0"><span class='ocrx_word' id='word_1_143' title='bbox 293 2265 359 2298; x_wconf 86' lang='lat' dir='ltr'>fers</span> <span class='ocrx_word' id='word_1_144' title='bbox 387 2265 507 2298; x_wconf 86' lang='lat' dir='ltr'>coelica</span> 
     </span>
    </p>

    <p class='ocr_par' dir='ltr' id='par_1_37' title="bbox 293 2313 511 2354">
     <span class='ocr_line' id='line_1_52' title="bbox 293 2313 511 2354; baseline 0.005 -9"><span class='ocrx_word' id='word_1_145' title='bbox 293 2313 336 2346; x_wconf 89' lang='lat' dir='ltr'>ad</span> <span class='ocrx_word' id='word_1_146' title='bbox 360 2313 511 2354; x_wconf 78' lang='lat' dir='ltr'>culmina,</span> 
     </span>
    </p>

    <p class='ocr_par' dir='ltr' id='par_1_38' title="bbox 293 2361 772 2450">
     <span class='ocr_line' id='line_1_53' title="bbox 294 2361 743 2403; baseline 0.002 -9"><span class='ocrx_word' id='word_1_147' title='bbox 294 2365 326 2394; x_wconf 85' lang='lat' dir='ltr'>et</span> <span class='ocrx_word' id='word_1_148' title='bbox 352 2361 431 2394; x_wconf 86' lang='lat' dir='ltr'>dans</span> <span class='ocrx_word' id='word_1_149' title='bbox 454 2363 572 2394; x_wconf 85' lang='lat' dir='ltr'>sanctis</span> <span class='ocrx_word' id='word_1_150' title='bbox 598 2363 743 2403; x_wconf 78' lang='lat' dir='ltr'>exempla</span> 
     </span>
     <span class='ocr_line' id='line_1_54' title="bbox 293 2410 772 2450; baseline 0.004 -8"><span class='ocrx_word' id='word_1_151' title='bbox 293 2410 506 2450; x_wconf 86' lang='lat' dir='ltr'>Praeponeris</span> <span class='ocrx_word' id='word_1_152' title='bbox 533 2410 654 2443; x_wconf 86' lang='lat' dir='ltr'>coelica</span> <span class='ocrx_word' id='word_1_153' title='bbox 676 2412 772 2444; x_wconf 75' lang='lat' dir='ltr'>curia</span> 
     </span>
    </p>
   </div>
   <div class='ocr_carea' id='block_1_23' title="bbox 891 526 952 561">
    <p class='ocr_par' dir='ltr' id='par_1_39' title="bbox 891 526 952 561">
     <span class='ocr_line' id='line_1_55' title="bbox 891 526 952 561; baseline 0.033 -3"><span class='ocrx_word' id='word_1_154' title='bbox 891 526 952 561; x_wconf 72' lang='lat' dir='ltr'>ib.</span> 
     </span>
    </p>
   </div>
   <div class='ocr_carea' id='block_1_24' title="bbox 891 727 950 760">
    <p class='ocr_par' dir='ltr' id='par_1_40' title="bbox 891 727 950 760">
     <span class='ocr_line' id='line_1_56' title="bbox 891 727 950 760; baseline 0 -1"><span class='ocrx_word' id='word_1_155' title='bbox 891 727 950 760; x_wconf 67' lang='lat' dir='ltr'>ab.</span> 
     </span>
    </p>
   </div>
   <div class='ocr_carea' id='block_1_25' title="bbox 891 974 951 1009">
    <p class='ocr_par' dir='ltr' id='par_1_41' title="bbox 891 974 951 1009">
     <span class='ocr_line' id='line_1_57' title="bbox 891 974 951 1009; baseline -0.067 0"><span class='ocrx_word' id='word_1_156' title='bbox 891 974 951 1009; x_wconf 81' lang='lat' dir='ltr'>3b.</span> 
     </span>
    </p>
   </div>
   <div class='ocr_carea' id='block_1_26' title="bbox 890 1175 949 1210">
    <p class='ocr_par' dir='ltr' id='par_1_42' title="bbox 890 1175 949 1210">
     <span class='ocr_line' id='line_1_58' title="bbox 890 1175 949 1210; baseline -0.051 0"><span class='ocrx_word' id='word_1_157' title='bbox 890 1175 949 1210; x_wconf 68' lang='lat'>412.</span> 
     </span>
    </p>
   </div>
   <div class='ocr_carea' id='block_1_27' title="bbox 892 1518 950 1553">
    <p class='ocr_par' dir='ltr' id='par_1_43' title="bbox 892 1518 950 1553">
     <span class='ocr_line' id='line_1_59' title="bbox 892 1518 950 1553; baseline -0.034 0"><span class='ocrx_word' id='word_1_158' title='bbox 892 1518 950 1553; x_wconf 80' lang='lat' dir='ltr'>5b.</span> 
     </span>
    </p>
   </div>
   <div class='ocr_carea' id='block_1_28' title="bbox 894 1672 954 1707">
    <p class='ocr_par' dir='ltr' id='par_1_44' title="bbox 894 1672 954 1707">
     <span class='ocr_line' id='line_1_60' title="bbox 894 1672 954 1707; baseline -0.033 0"><span class='ocrx_word' id='word_1_159' title='bbox 894 1672 954 1707; x_wconf 85' lang='grc'><strong>61).</strong></span> 
     </span>
    </p>
   </div>
   <div class='ocr_carea' id='block_1_29' title="bbox 897 1970 959 2004">
    <p class='ocr_par' dir='ltr' id='par_1_45' title="bbox 897 1970 959 2004">
     <span class='ocr_line' id='line_1_61' title="bbox 897 1970 959 2004; baseline 0 -1"><span class='ocrx_word' id='word_1_160' title='bbox 897 1970 959 2004; x_wconf 82' lang='grc'><strong>710.</strong></span> 
     </span>
    </p>
   </div>
   <div class='ocr_carea' id='block_1_30' title="bbox 896 2124 958 2158">
    <p class='ocr_par' dir='ltr' id='par_1_46' title="bbox 896 2124 958 2158">
     <span class='ocr_line' id='line_1_62' title="bbox 896 2124 958 2158; baseline 0 -1"><span class='ocrx_word' id='word_1_161' title='bbox 896 2124 958 2158; x_wconf 78' lang='lat' dir='ltr'>Sb.</span> 
     </span>
    </p>
   </div>
   <div class='ocr_carea' id='block_1_31' title="bbox 973 525 1373 702">
    <p class='ocr_par' dir='ltr' id='par_1_47' title="bbox 973 525 1253 559">
     <span class='ocr_line' id='line_1_63' title="bbox 973 525 1253 559; baseline -0.007 0"><span class='ocrx_word' id='word_1_162' title='bbox 973 525 1099 559; x_wconf 77' lang='lat' dir='ltr'>Psanat</span> <span class='ocrx_word' id='word_1_163' title='bbox 1126 525 1253 558; x_wconf 81' lang='lat' dir='ltr'>Christo</span> 
     </span>
    </p>

    <p class='ocr_par' dir='ltr' id='par_1_48' title="bbox 973 574 1373 702">
     <span class='ocr_line' id='line_1_64' title="bbox 973 574 1373 614; baseline 0 -9"><span class='ocrx_word' id='word_1_164' title='bbox 973 576 1124 606; x_wconf 78' lang='lat' dir='ltr'>neumata</span> <span class='ocrx_word' id='word_1_165' title='bbox 1147 574 1216 614; x_wconf 88' lang='lat' dir='ltr'>regi</span> <span class='ocrx_word' id='word_1_166' title='bbox 1243 575 1373 614; x_wconf 85' lang='lat' dir='ltr'>compta</span> 
     </span>
     <span class='ocr_line' id='line_1_65' title="bbox 976 621 1350 664; baseline -0.003 -11"><span class='ocrx_word' id='word_1_167' title='bbox 976 622 1130 654; x_wconf 80' lang='lat' dir='ltr'>concordi</span> <span class='ocrx_word' id='word_1_168' title='bbox 1156 621 1350 664; x_wconf 81' lang='lat' dir='ltr'>symphonia</span> 
     </span>
     <span class='ocr_line' id='line_1_66' title="bbox 973 669 1362 702; baseline 0 -1"><span class='ocrx_word' id='word_1_169' title='bbox 973 672 1050 702; x_wconf 86' lang='lat' dir='ltr'>vota</span> <span class='ocrx_word' id='word_1_170' title='bbox 1073 669 1215 702; x_wconf 88' lang='lat' dir='ltr'>reddens</span> <span class='ocrx_word' id='word_1_171' title='bbox 1243 669 1362 702; x_wconf 88' lang='lat' dir='ltr'>debita.</span> 
     </span>
    </p>
   </div>
   <div class='ocr_carea' id='block_1_32' title="bbox 970 726 1359 855">
    <p class='ocr_par' dir='ltr' id='par_1_49' title="bbox 970 726 1359 855">
     <span class='ocr_line' id='line_1_67' title="bbox 970 726 1249 759; baseline 0.004 -1"><span class='ocrx_word' id='word_1_172' title='bbox 970 726 1055 759; x_wconf 83' lang='lat' dir='ltr'>Nam</span> <span class='ocrx_word' id='word_1_173' title='bbox 1081 726 1139 759; x_wconf 89' lang='lat' dir='ltr'>sub</span> <span class='ocrx_word' id='word_1_174' title='bbox 1165 735 1249 759; x_wconf 79' lang='lat' dir='ltr'>nova</span> 
     </span>
     <span class='ocr_line' id='line_1_68' title="bbox 973 773 1181 814; baseline 0 -8"><span class='ocrx_word' id='word_1_175' title='bbox 973 773 1051 807; x_wconf 86' lang='lat' dir='ltr'>fidei</span> <span class='ocrx_word' id='word_1_176' title='bbox 1076 775 1181 814; x_wconf 80' lang='lat' dir='ltr'>gratia</span> 
     </span>
     <span class='ocr_line' id='line_1_69' title="bbox 972 821 1359 855; baseline -0.003 -1"><span class='ocrx_word' id='word_1_177' title='bbox 972 821 1098 854; x_wconf 80' lang='lat' dir='ltr'>exstitit</span> <span class='ocrx_word' id='word_1_178' title='bbox 1121 822 1204 854; x_wconf 87' lang='lat' dir='ltr'>mira</span> <span class='ocrx_word' id='word_1_179' title='bbox 1230 825 1359 855; x_wconf 82' lang='lat' dir='ltr'>caterva</span> 
     </span>
    </p>
   </div>
   <div class='ocr_carea' id='block_1_33' title="bbox 971 870 1528 951">
    <p class='ocr_par' dir='ltr' id='par_1_50' title="bbox 971 870 1528 951">
     <span class='ocr_line' id='line_1_70' title="bbox 971 870 1528 911; baseline 0.002 -9"><span class='ocrx_word' id='word_1_180' title='bbox 971 870 1083 902; x_wconf 83' lang='lat' dir='ltr'>mundi</span> <span class='ocrx_word' id='word_1_181' title='bbox 1109 879 1209 911; x_wconf 83' lang='lat' dir='ltr'>regna</span> <span class='ocrx_word' id='word_1_182' title='bbox 1231 870 1357 903; x_wconf 83' lang='lat' dir='ltr'>Ohn&#39;sto</span> <span class='ocrx_word' id='word_1_183' title='bbox 1384 870 1528 903; x_wconf 84' lang='lat' dir='ltr'>subdens</span> 
     </span>
     <span class='ocr_line' id='line_1_71' title="bbox 974 926 1090 951; baseline 0.009 -1"><span class='ocrx_word' id='word_1_184' title='bbox 974 926 1090 951; x_wconf 85' lang='lat' dir='ltr'>omma.</span> 
     </span>
    </p>
   </div>
   <div class='ocr_carea' id='block_1_34' title="bbox 971 975 1514 1160">
    <p class='ocr_par' dir='ltr' id='par_1_51' title="bbox 974 975 1483 1017">
     <span class='ocr_line' id='line_1_72' title="bbox 974 975 1483 1017; baseline 0 -9"><span class='ocrx_word' id='word_1_185' title='bbox 974 975 1063 1008; x_wconf 87' lang='lat' dir='ltr'>Anni</span> <span class='ocrx_word' id='word_1_186' title='bbox 1088 984 1149 1015; x_wconf 82' lang='lat' dir='ltr'>quo</span> <span class='ocrx_word' id='word_1_187' title='bbox 1175 975 1286 1016; x_wconf 85' lang='lat' dir='ltr'>vigent</span> <span class='ocrx_word' id='word_1_188' title='bbox 1310 975 1483 1017; x_wconf 78' lang='lat' dir='ltr'>volumina,</span> 
     </span>
    </p>

    <p class='ocr_par' dir='ltr' id='par_1_52' title="bbox 972 1023 1075 1063">
     <span class='ocr_line' id='line_1_73' title="bbox 972 1023 1075 1063; baseline 0.01 -9"><span class='ocrx_word' id='word_1_189' title='bbox 972 1023 1075 1063; x_wconf 80' lang='lat' dir='ltr'>signa,</span> 
     </span>
    </p>

    <p class='ocr_par' dir='ltr' id='par_1_53' title="bbox 971 1070 1514 1160">
     <span class='ocr_line' id='line_1_74' title="bbox 971 1070 1514 1114; baseline 0.004 -13"><span class='ocrx_word' id='word_1_190' title='bbox 971 1070 1133 1111; x_wconf 86' lang='lat' dir='ltr'>planetae,</span> <span class='ocrx_word' id='word_1_191' title='bbox 1158 1078 1295 1114; x_wconf 79' lang='lat' dir='ltr'>menses,</span> <span class='ocrx_word' id='word_1_192' title='bbox 1322 1072 1514 1114; x_wconf 75' lang='lat' dir='ltr'>septimana,</span> 
     </span>
     <span class='ocr_line' id='line_1_75' title="bbox 976 1120 1502 1160; baseline 0.008 -11"><span class='ocrx_word' id='word_1_193' title='bbox 976 1121 1091 1150; x_wconf 87' lang='lat' dir='ltr'>cuncta</span> <span class='ocrx_word' id='word_1_194' title='bbox 1115 1120 1239 1150; x_wconf 86' lang='lat' dir='ltr'>statuta</span> <span class='ocrx_word' id='word_1_195' title='bbox 1262 1127 1322 1158; x_wconf 86' lang='lat' dir='ltr'>per</span> <span class='ocrx_word' id='word_1_196' title='bbox 1345 1121 1502 1160; x_wconf 82' lang='lat' dir='ltr'>tempora.</span> 
     </span>
    </p>
   </div>
   <div class='ocr_carea' id='block_1_35' title="bbox 972 1173 1464 1504">
    <p class='ocr_par' dir='ltr' id='par_1_54' title="bbox 972 1173 1253 1208">
     <span class='ocr_line' id='line_1_76' title="bbox 972 1173 1253 1208; baseline 0.004 -1"><span class='ocrx_word' id='word_1_197' title='bbox 972 1174 1143 1207; x_wconf 84' lang='lat' dir='ltr'>Frendens</span> <span class='ocrx_word' id='word_1_198' title='bbox 1168 1173 1253 1208; x_wconf 83' lang='lat' dir='ltr'>falsa</span> 
     </span>
    </p>

    <p class='ocr_par' dir='ltr' id='par_1_55' title="bbox 976 1223 1259 1264">
     <span class='ocr_line' id='line_1_77' title="bbox 976 1223 1259 1264; baseline 0.004 -10"><span class='ocrx_word' id='word_1_199' title='bbox 976 1223 1105 1264; x_wconf 80' lang='lat' dir='ltr'>quidem</span> <span class='ocrx_word' id='word_1_200' title='bbox 1130 1224 1259 1257; x_wconf 68' lang='grc' dir='ltr'>ι11101303,</span> 
     </span>
    </p>

    <p class='ocr_par' dir='ltr' id='par_1_56' title="bbox 975 1270 1338 1351">
     <span class='ocr_line' id='line_1_78' title="bbox 975 1270 1338 1311; baseline -0.003 -6"><span class='ocrx_word' id='word_1_201' title='bbox 975 1270 1096 1305; x_wconf 78' lang='lat' dir='ltr'>Contra</span> <span class='ocrx_word' id='word_1_202' title='bbox 1120 1271 1242 1304; x_wconf 82' lang='lat' dir='ltr'>Christi</span> <span class='ocrx_word' id='word_1_203' title='bbox 1263 1272 1338 1311; x_wconf 81' lang='lat' dir='ltr'>jura</span> 
     </span>
     <span class='ocr_line' id='line_1_79' title="bbox 977 1319 1260 1351; baseline 0 0"><span class='ocrx_word' id='word_1_204' title='bbox 977 1319 1097 1351; x_wconf 75' lang='lat' dir='ltr'>excitat</span> <span class='ocrx_word' id='word_1_205' title='bbox 1121 1319 1260 1351; x_wconf 86' lang='lat' dir='ltr'>adversa</span> 
     </span>
    </p>

    <p class='ocr_par' dir='ltr' id='par_1_57' title="bbox 973 1367 1402 1448">
     <span class='ocr_line' id='line_1_80' title="bbox 973 1367 1402 1408; baseline 0.002 -10"><span class='ocrx_word' id='word_1_206' title='bbox 973 1367 1008 1398; x_wconf 83' lang='lat' dir='ltr'>in</span> <span class='ocrx_word' id='word_1_207' title='bbox 1032 1369 1176 1398; x_wconf 82' lang='lat' dir='ltr'>sanctum</span> <span class='ocrx_word' id='word_1_208' title='bbox 1205 1367 1402 1408; x_wconf 82' lang='lat' dir='ltr'>discrimina,</span> 
     </span>
     <span class='ocr_line' id='line_1_81' title="bbox 975 1414 1172 1448; baseline -0.01 0"><span class='ocrx_word' id='word_1_209' title='bbox 975 1414 1041 1448; x_wconf 84' lang='lat' dir='ltr'>Sed</span> <span class='ocrx_word' id='word_1_210' title='bbox 1064 1417 1172 1446; x_wconf 84' lang='lat' dir='ltr'>mente</span> 
     </span>
    </p>

    <p class='ocr_par' dir='ltr' id='par_1_58' title="bbox 975 1460 1464 1504">
     <span class='ocr_line' id='line_1_82' title="bbox 975 1460 1464 1504; baseline 0.006 -10"><span class='ocrx_word' id='word_1_211' title='bbox 975 1463 1046 1502; x_wconf 86' lang='lat' dir='ltr'>ipse</span> <span class='ocrx_word' id='word_1_212' title='bbox 1070 1460 1138 1494; x_wconf 85' lang='lat' dir='ltr'>fida</span> <span class='ocrx_word' id='word_1_213' title='bbox 1161 1463 1280 1495; x_wconf 79' lang='lat' dir='ltr'>&#39;tolerat</span> <span class='ocrx_word' id='word_1_214' title='bbox 1305 1464 1464 1504; x_wconf 85' lang='lat' dir='ltr'>opposita.</span> 
     </span>
    </p>
   </div>
   <div class='ocr_carea' id='block_1_36' title="bbox 974 1519 1470 1900">
    <p class='ocr_par' dir='ltr' id='par_1_59' title="bbox 974 1519 1295 1561">
     <span class='ocr_line' id='line_1_83' title="bbox 974 1519 1295 1561; baseline -0.003 -8"><span class='ocrx_word' id='word_1_215' title='bbox 974 1519 1127 1553; x_wconf 79' lang='lat' dir='ltr'>Caeditur</span> <span class='ocrx_word' id='word_1_216' title='bbox 1148 1520 1295 1561; x_wconf 81' lang='lat' dir='ltr'>materia,</span> 
     </span>
    </p>

    <p class='ocr_par' dir='ltr' id='par_1_60' title="bbox 976 1567 1208 1599">
     <span class='ocr_line' id='line_1_84' title="bbox 976 1567 1208 1599; baseline 0.004 -1"><span class='ocrx_word' id='word_1_217' title='bbox 976 1567 1113 1599; x_wconf 76' lang='lat' dir='ltr'>solvitur</span> <span class='ocrx_word' id='word_1_218' title='bbox 1137 1567 1208 1599; x_wconf 82' lang='lat' dir='ltr'>usia</span> 
     </span>
    </p>

    <p class='ocr_par' dir='ltr' id='par_1_61' title="bbox 974 1616 1378 1713">
     <span class='ocr_line' id='line_1_85' title="bbox 974 1616 1378 1656; baseline 0.002 -9"><span class='ocrx_word' id='word_1_219' title='bbox 974 1618 1079 1647; x_wconf 84' lang='lat' dir='ltr'>morte</span> <span class='ocrx_word' id='word_1_220' title='bbox 1104 1616 1250 1656; x_wconf 81' lang='lat' dir='ltr'>corporis</span> <span class='ocrx_word' id='word_1_221' title='bbox 1274 1625 1378 1648; x_wconf 80' lang='lat' dir='ltr'>sacra.</span> 
     </span>
     <span class='ocr_line' id='line_1_86' title="bbox 977 1672 1280 1713; baseline 0 -8"><span class='ocrx_word' id='word_1_222' title='bbox 977 1672 1147 1712; x_wconf 81' lang='lat' dir='ltr'>Triumphi</span> <span class='ocrx_word' id='word_1_223' title='bbox 1170 1674 1280 1713; x_wconf 79' lang='lat' dir='ltr'>palma</span> 
     </span>
    </p>

    <p class='ocr_par' dir='ltr' id='par_1_62' title="bbox 977 1721 1097 1761">
     <span class='ocr_line' id='line_1_87' title="bbox 977 1721 1097 1761; baseline -0.008 -8"><span class='ocrx_word' id='word_1_224' title='bbox 977 1721 1097 1761; x_wconf 84' lang='lat' dir='ltr'>adepta</span> 
     </span>
    </p>

    <p class='ocr_par' dir='ltr' id='par_1_63' title="bbox 974 1769 1343 1809">
     <span class='ocr_line' id='line_1_88' title="bbox 974 1769 1343 1809; baseline 0.005 -9"><span class='ocrx_word' id='word_1_225' title='bbox 974 1769 1122 1809; x_wconf 85' lang='lat' dir='ltr'>possidet</span> <span class='ocrx_word' id='word_1_226' title='bbox 1145 1770 1343 1809; x_wconf 89' lang='lat' dir='ltr'>sempiterna</span> 
     </span>
    </p>

    <p class='ocr_par' dir='ltr' id='par_1_64' title="bbox 980 1816 1289 1857">
     <span class='ocr_line' id='line_1_89' title="bbox 980 1816 1289 1857; baseline 0.003 -9"><span class='ocrx_word' id='word_1_227' title='bbox 980 1826 1051 1849; x_wconf 90' lang='lat' dir='ltr'>cum</span> <span class='ocrx_word' id='word_1_228' title='bbox 1074 1816 1144 1850; x_wconf 86' lang='lat' dir='ltr'>Deo</span> <span class='ocrx_word' id='word_1_229' title='bbox 1170 1817 1289 1857; x_wconf 88' lang='lat' dir='ltr'>gaudia</span> 
     </span>
    </p>

    <p class='ocr_par' dir='ltr' id='par_1_65' title="bbox 976 1866 1470 1900">
     <span class='ocr_line' id='line_1_90' title="bbox 976 1866 1470 1900; baseline 0.006 -3"><span class='ocrx_word' id='word_1_230' title='bbox 976 1866 1089 1898; x_wconf 84' lang='lat' dir='ltr'>laurea</span> <span class='ocrx_word' id='word_1_231' title='bbox 1113 1866 1281 1898; x_wconf 86' lang='lat' dir='ltr'>redimitus</span> <span class='ocrx_word' id='word_1_232' title='bbox 1306 1866 1470 1900; x_wconf 65' lang='lat' dir='ltr'>vernifiea„</span> 
     </span>
    </p>
   </div>
   <div class='ocr_carea' id='block_1_37' title="bbox 978 1970 1449 2109">
    <p class='ocr_par' dir='ltr' id='par_1_66' title="bbox 978 1970 1449 2109">
     <span class='ocr_line' id='line_1_91' title="bbox 983 1970 1449 2005; baseline 0.004 -2"><span class='ocrx_word' id='word_1_233' title='bbox 983 1970 1097 2004; x_wconf 90' lang='lat' dir='ltr'>Laude</span> <span class='ocrx_word' id='word_1_234' title='bbox 1123 1975 1314 2004; x_wconf 78' lang='lat' dir='ltr'>connectens</span> <span class='ocrx_word' id='word_1_235' title='bbox 1339 1972 1449 2005; x_wconf 86' lang='lat' dir='ltr'>diviua</span> 
     </span>
     <span class='ocr_line' id='line_1_92' title="bbox 978 2022 1127 2059; baseline 0.007 -9"><span class='ocrx_word' id='word_1_236' title='bbox 978 2022 1127 2059; x_wconf 87' lang='lat' dir='ltr'>poemata</span> 
     </span>
     <span class='ocr_line' id='line_1_93' title="bbox 983 2067 1389 2109; baseline 0.005 -10"><span class='ocrx_word' id='word_1_237' title='bbox 983 2067 1173 2100; x_wconf 80' lang='lat' dir='ltr'>harmoniae</span> <span class='ocrx_word' id='word_1_238' title='bbox 1197 2068 1389 2109; x_wconf 85' lang='lat' dir='ltr'>rhythmica..</span> 
     </span>
    </p>
   </div>
   <div class='ocr_carea' id='block_1_38' title="bbox 977 2125 1472 2454">
    <p class='ocr_par' dir='ltr' id='par_1_67' title="bbox 978 2125 1339 2166">
     <span class='ocr_line' id='line_1_94' title="bbox 978 2125 1339 2166; baseline -0.003 -7"><span class='ocrx_word' id='word_1_239' title='bbox 978 2125 1127 2159; x_wconf 87' lang='lat' dir='ltr'>Concede</span> <span class='ocrx_word' id='word_1_240' title='bbox 1152 2134 1249 2166; x_wconf 86' lang='lat' dir='ltr'>prece</span> <span class='ocrx_word' id='word_1_241' title='bbox 1274 2126 1339 2166; x_wconf 82' lang='lat' dir='ltr'>pia,</span> 
     </span>
    </p>

    <p class='ocr_par' dir='ltr' id='par_1_68' title="bbox 977 2172 1163 2207">
     <span class='ocr_line' id='line_1_95' title="bbox 977 2172 1163 2207; baseline -0.005 0"><span class='ocrx_word' id='word_1_242' title='bbox 977 2172 1024 2207; x_wconf 88' lang='lat' dir='ltr'>Ut</span> <span class='ocrx_word' id='word_1_243' title='bbox 1047 2173 1163 2206; x_wconf 81' lang='lat' dir='ltr'>merita</span> 
     </span>
    </p>

    <p class='ocr_par' dir='ltr' id='par_1_69' title="bbox 979 2225 1174 2254">
     <span class='ocr_line' id='line_1_96' title="bbox 979 2225 1174 2254; baseline 0.005 -1"><span class='ocrx_word' id='word_1_244' title='bbox 979 2225 1036 2253; x_wconf 70' lang='lat' dir='ltr'>tua</span> <span class='ocrx_word' id='word_1_245' title='bbox 1059 2225 1174 2254; x_wconf 75' lang='lat' dir='ltr'>sancta</span> 
     </span>
    </p>

    <p class='ocr_par' dir='ltr' id='par_1_70' title="bbox 980 2269 1163 2302">
     <span class='ocr_line' id='line_1_97' title="bbox 980 2269 1163 2302; baseline 0.005 -1"><span class='ocrx_word' id='word_1_246' title='bbox 980 2278 1038 2301; x_wconf 90' lang='lat' dir='ltr'>nos</span> <span class='ocrx_word' id='word_1_247' title='bbox 1065 2269 1163 2302; x_wconf 81' lang='lat' dir='ltr'>dubia</span> 
     </span>
    </p>

    <p class='ocr_par' dir='ltr' id='par_1_71' title="bbox 978 2318 1171 2358">
     <span class='ocr_line' id='line_1_98' title="bbox 978 2318 1171 2358; baseline 0.01 -10"><span class='ocrx_word' id='word_1_248' title='bbox 978 2326 1039 2358; x_wconf 87' lang='lat' dir='ltr'>per</span> <span class='ocrx_word' id='word_1_249' title='bbox 1063 2318 1171 2350; x_wconf 77' lang='lat' dir='ltr'>stadia</span> 
     </span>
    </p>

    <p class='ocr_par' dir='ltr' id='par_1_72' title="bbox 981 2364 1472 2454">
     <span class='ocr_line' id='line_1_99' title="bbox 981 2364 1424 2407; baseline 0.002 -9"><span class='ocrx_word' id='word_1_250' title='bbox 981 2365 1028 2398; x_wconf 88' lang='lat' dir='ltr'>sic</span> <span class='ocrx_word' id='word_1_251' title='bbox 1054 2367 1183 2406; x_wconf 87' lang='lat' dir='ltr'>ducant,</span> <span class='ocrx_word' id='word_1_252' title='bbox 1210 2374 1271 2406; x_wconf 84' lang='lat' dir='ltr'>quo</span> <span class='ocrx_word' id='word_1_253' title='bbox 1297 2364 1424 2407; x_wconf 79' lang='lat' dir='ltr'>fulgida</span> 
     </span>
     <span class='ocr_line' id='line_1_100' title="bbox 981 2413 1472 2454; baseline 0.01 -8"><span class='ocrx_word' id='word_1_254' title='bbox 981 2413 1147 2447; x_wconf 83' lang='lat' dir='ltr'>Meramur</span> <span class='ocrx_word' id='word_1_255' title='bbox 1173 2414 1324 2454; x_wconf 88' lang='lat' dir='ltr'>consequi</span> <span class='ocrx_word' id='word_1_256' title='bbox 1348 2414 1472 2451; x_wconf 62' lang='lat' dir='ltr'>bravia..</span> 
     </span>
    </p>
   </div>
  </div>
 </body>
</html>
