<?xml version="1.0" encoding="UTF-8"?>
<!DOCTYPE html PUBLIC "-//W3C//DTD XHTML 1.0 Transitional//EN"
    "http://www.w3.org/TR/xhtml1/DTD/xhtml1-transitional.dtd">
<html xmlns="http://www.w3.org/1999/xhtml" xml:lang="en" lang="en">
 <head>
  <title>
</title>
<meta http-equiv="Content-Type" content="text/html;charset=utf-8" />
  <meta name='ocr-system' content='tesseract 3.04.00' />
  <meta name='ocr-capabilities' content='ocr_page ocr_carea ocr_par ocr_line ocrx_word'/>
</head>
<body>
  <div class='ocr_page' id='page_1' title='image "./analectahymnica07drevuoft_00172.png"; bbox 0 0 1655 2637; ppageno 0'>
   <div class='ocr_carea' id='block_1_1' title="bbox 731 104 995 141">
    <p class='ocr_par' dir='ltr' id='par_1_1' title="bbox 731 104 995 141">
     <span class='ocr_line' id='line_1_1' title="bbox 731 104 995 141; baseline -0.008 0"><span class='ocrx_word' id='word_1_1' title='bbox 731 104 995 141; x_wconf 74' lang='lat'>—165—</span> 
     </span>
    </p>
   </div>
   <div class='ocr_carea' id='block_1_2' title="bbox 192 200 1422 987">
    <p class='ocr_par' dir='ltr' id='par_1_2' title="bbox 221 200 1330 385">
     <span class='ocr_line' id='line_1_2' title="bbox 221 200 1110 241; baseline 0.002 -9"><span class='ocrx_word' id='word_1_2' title='bbox 221 201 277 234; x_wconf 87' lang='lat' dir='ltr'>7a.</span> <span class='ocrx_word' id='word_1_3' title='bbox 304 200 417 241; x_wconf 84' lang='lat' dir='ltr'>Regna</span> <span class='ocrx_word' id='word_1_4' title='bbox 919 202 978 235; x_wconf 73' lang='grc' dir='ltr'>Ἠ).</span> <span class='ocrx_word' id='word_1_5' title='bbox 1001 202 1110 235; x_wconf 81' lang='lat' dir='ltr'>Turba</span> 
     </span>
     <span class='ocr_line' id='line_1_3' title="bbox 304 247 1320 283; baseline 0.002 -3"><span class='ocrx_word' id='word_1_6' title='bbox 304 248 404 280; x_wconf 87' lang='lat' dir='ltr'>subiit</span> <span class='ocrx_word' id='word_1_7' title='bbox 427 247 533 281; x_wconf 81' lang='lat' dir='ltr'>infera</span> <span class='ocrx_word' id='word_1_8' title='bbox 1001 253 1184 283; x_wconf 82' lang='lat' dir='ltr'>sanctorum</span> <span class='ocrx_word' id='word_1_9' title='bbox 1209 251 1320 283; x_wconf 82' lang='lat' dir='ltr'>inclita</span> 
     </span>
     <span class='ocr_line' id='line_1_4' title="bbox 303 297 1330 337; baseline 0.002 -9"><span class='ocrx_word' id='word_1_10' title='bbox 303 297 423 337; x_wconf 80' lang='lat' dir='ltr'>gaudia</span> <span class='ocrx_word' id='word_1_11' title='bbox 447 297 597 329; x_wconf 80' lang='lat' dir='ltr'>nuntians</span> <span class='ocrx_word' id='word_1_12' title='bbox 1001 298 1037 331; x_wconf 86' lang='lat' dir='ltr'>fit</span> <span class='ocrx_word' id='word_1_13' title='bbox 1063 298 1197 330; x_wconf 85' lang='lat' dir='ltr'>obtenta</span> <span class='ocrx_word' id='word_1_14' title='bbox 1220 299 1330 331; x_wconf 81' lang='lat' dir='ltr'>nuntia</span> 
     </span>
     <span class='ocr_line' id='line_1_5' title="bbox 300 345 1185 385; baseline 0.002 -9"><span class='ocrx_word' id='word_1_15' title='bbox 300 345 397 384; x_wconf 88' lang='lat' dir='ltr'>justis</span> <span class='ocrx_word' id='word_1_16' title='bbox 423 353 550 385; x_wconf 88' lang='lat' dir='ltr'>supera.</span> <span class='ocrx_word' id='word_1_17' title='bbox 999 346 1185 380; x_wconf 85' lang='lat' dir='ltr'>laetissima.</span> 
     </span>
    </p>

    <p class='ocr_par' dir='ltr' id='par_1_3' title="bbox 220 401 1422 682">
     <span class='ocr_line' id='line_1_6' title="bbox 220 401 1394 443; baseline 0.001 -8"><span class='ocrx_word' id='word_1_18' title='bbox 220 402 277 436; x_wconf 85' lang='lat' dir='ltr'>8a.</span> <span class='ocrx_word' id='word_1_19' title='bbox 305 401 443 442; x_wconf 81' lang='lat' dir='ltr'><strong>Christe,</strong></span> <span class='ocrx_word' id='word_1_20' title='bbox 470 406 526 434; x_wconf 83' lang='lat' dir='ltr'>tua</span> <span class='ocrx_word' id='word_1_21' title='bbox 553 404 657 443; x_wconf 81' lang='lat' dir='ltr'>gratia</span> <span class='ocrx_word' id='word_1_22' title='bbox 916 403 974 437; x_wconf 85' lang='lat' dir='ltr'>8b.</span> <span class='ocrx_word' id='word_1_23' title='bbox 998 403 1184 437; x_wconf 81' lang='lat' dir='ltr'>Colentibus</span> <span class='ocrx_word' id='word_1_24' title='bbox 1211 404 1290 436; x_wconf 87' lang='lat' dir='ltr'>haec</span> <span class='ocrx_word' id='word_1_25' title='bbox 1315 402 1394 436; x_wconf 82' lang='lat' dir='ltr'>festa</span> 
     </span>
     <span class='ocr_line' id='line_1_7' title="bbox 302 449 1395 491; baseline 0.002 -9"><span class='ocrx_word' id='word_1_26' title='bbox 302 449 348 482; x_wconf 83' lang='lat' dir='ltr'>Et</span> <span class='ocrx_word' id='word_1_27' title='bbox 371 451 434 490; x_wconf 85' lang='lat' dir='ltr'>piis</span> <span class='ocrx_word' id='word_1_28' title='bbox 459 450 610 491; x_wconf 83' lang='lat' dir='ltr'>precibus</span> <span class='ocrx_word' id='word_1_29' title='bbox 636 451 712 483; x_wconf 82' lang='lat' dir='ltr'>almi</span> <span class='ocrx_word' id='word_1_30' title='bbox 998 452 1109 491; x_wconf 78' lang='lat' dir='ltr'>Regna</span> <span class='ocrx_word' id='word_1_31' title='bbox 1135 451 1275 484; x_wconf 79' lang='lat' dir='ltr'>concede</span> <span class='ocrx_word' id='word_1_32' title='bbox 1300 451 1395 484; x_wconf 76' lang='lat' dir='ltr'>beata</span> 
     </span>
     <span class='ocr_line' id='line_1_8' title="bbox 302 497 1364 540; baseline 0.002 -11"><span class='ocrx_word' id='word_1_33' title='bbox 302 497 458 530; x_wconf 85' lang='lat' dir='ltr'>Johannis</span> <span class='ocrx_word' id='word_1_34' title='bbox 483 499 636 538; x_wconf 67' lang='lat' dir='ltr'>martyris</span> <span class='ocrx_word' id='word_1_35' title='bbox 998 501 1181 531; x_wconf 80' lang='lat' dir='ltr'>sanctorum</span> <span class='ocrx_word' id='word_1_36' title='bbox 1205 500 1238 531; x_wconf 86' lang='lat' dir='ltr'>in</span> <span class='ocrx_word' id='word_1_37' title='bbox 1263 500 1364 540; x_wconf 78' lang='lat' dir='ltr'>gloria</span> 
     </span>
     <span class='ocr_line' id='line_1_9' title="bbox 302 545 1422 587; baseline 0.003 -10"><span class='ocrx_word' id='word_1_38' title='bbox 302 545 464 578; x_wconf 82' lang='lat' dir='ltr'>Relaxans</span> <span class='ocrx_word' id='word_1_39' title='bbox 488 547 675 586; x_wconf 79' lang='lat' dir='ltr'>peccamina</span> <span class='ocrx_word' id='word_1_40' title='bbox 996 547 1039 579; x_wconf 86' lang='lat' dir='ltr'>Et</span> <span class='ocrx_word' id='word_1_41' title='bbox 1067 550 1180 579; x_wconf 78' lang='lat' dir='ltr'>sancta</span> <span class='ocrx_word' id='word_1_42' title='bbox 1204 546 1422 587; x_wconf 75' lang='lat' dir='ltr'>tabernacula,</span> 
     </span>
     <span class='ocr_line' id='line_1_10' title="bbox 301 593 1216 632; baseline 0.001 -7"><span class='ocrx_word' id='word_1_43' title='bbox 301 593 450 625; x_wconf 84' lang='lat' dir='ltr'>Laudum</span> <span class='ocrx_word' id='word_1_44' title='bbox 475 594 531 632; x_wconf 83' lang='lat' dir='ltr'>pia</span> <span class='ocrx_word' id='word_1_45' title='bbox 998 595 1098 626; x_wconf 82' lang='lat' dir='ltr'>Prece</span> <span class='ocrx_word' id='word_1_46' title='bbox 1122 603 1216 627; x_wconf 82' lang='lat' dir='ltr'>serva</span> 
     </span>
     <span class='ocr_line' id='line_1_11' title="bbox 300 642 1302 682; baseline 0.002 -10"><span class='ocrx_word' id='word_1_47' title='bbox 300 642 429 682; x_wconf 80' lang='lat' dir='ltr'>suscipe</span> <span class='ocrx_word' id='word_1_48' title='bbox 452 650 595 673; x_wconf 84' lang='lat' dir='ltr'>munera.</span> <span class='ocrx_word' id='word_1_49' title='bbox 996 642 1152 675; x_wconf 81' lang='lat' dir='ltr'>Johannis</span> <span class='ocrx_word' id='word_1_50' title='bbox 1178 643 1302 675; x_wconf 80' lang='lat' dir='ltr'>absida.</span> 
     </span>
    </p>

    <p class='ocr_par' dir='ltr' id='par_1_4' title="bbox 217 698 1397 836">
     <span class='ocr_line' id='line_1_12' title="bbox 217 698 1379 740; baseline 0.001 -9"><span class='ocrx_word' id='word_1_51' title='bbox 217 699 272 731; x_wconf 82' lang='lat' dir='ltr'>9a.</span> <span class='ocrx_word' id='word_1_52' title='bbox 300 698 373 730; x_wconf 67' lang='lat' dir='ltr'>,Jam</span> <span class='ocrx_word' id='word_1_53' title='bbox 398 701 508 730; x_wconf 84' lang='lat' dir='ltr'>sancte</span> <span class='ocrx_word' id='word_1_54' title='bbox 534 698 676 738; x_wconf 80' lang='lat' dir='ltr'>baptista</span> <span class='ocrx_word' id='word_1_55' title='bbox 913 699 970 732; x_wconf 72' lang='lat' dir='ltr'>ab.</span> <span class='ocrx_word' id='word_1_56' title='bbox 995 699 1056 740; x_wconf 80' lang='lat' dir='ltr'>Qui</span> <span class='ocrx_word' id='word_1_57' title='bbox 1080 700 1193 731; x_wconf 83' lang='lat' dir='ltr'>matris</span> <span class='ocrx_word' id='word_1_58' title='bbox 1220 708 1259 731; x_wconf 84' lang='lat' dir='ltr'>ex</span> <span class='ocrx_word' id='word_1_59' title='bbox 1284 700 1379 732; x_wconf 75' lang='lat' dir='ltr'>vulva</span> 
     </span>
     <span class='ocr_line' id='line_1_13' title="bbox 300 745 1270 780; baseline 0.001 -3"><span class='ocrx_word' id='word_1_60' title='bbox 300 745 403 777; x_wconf 90' lang='lat' dir='ltr'>Deum</span> <span class='ocrx_word' id='word_1_61' title='bbox 431 755 488 779; x_wconf 83' lang='lat' dir='ltr'>ora</span> <span class='ocrx_word' id='word_1_62' title='bbox 998 747 1159 780; x_wconf 77' lang='lat' dir='ltr'>Christum</span> <span class='ocrx_word' id='word_1_63' title='bbox 1184 748 1270 779; x_wconf 83' lang='lat' dir='ltr'>intra</span> 
     </span>
     <span class='ocr_line' id='line_1_14' title="bbox 300 795 1397 836; baseline 0 -10"><span class='ocrx_word' id='word_1_64' title='bbox 300 803 361 834; x_wconf 82' lang='lat' dir='ltr'>quo</span> <span class='ocrx_word' id='word_1_65' title='bbox 387 797 463 826; x_wconf 76' lang='lat' dir='ltr'>vota</span> <span class='ocrx_word' id='word_1_66' title='bbox 486 796 596 826; x_wconf 78' lang='lat' dir='ltr'>nostra</span> <span class='ocrx_word' id='word_1_67' title='bbox 621 795 685 827; x_wconf 86' lang='lat' dir='ltr'>sint</span> <span class='ocrx_word' id='word_1_68' title='bbox 711 796 817 836; x_wconf 81' lang='lat' dir='ltr'>digna,</span> <span class='ocrx_word' id='word_1_69' title='bbox 994 795 1127 836; x_wconf 81' lang='lat' dir='ltr'>virginis</span> <span class='ocrx_word' id='word_1_70' title='bbox 1154 796 1239 827; x_wconf 87' lang='lat' dir='ltr'>nosti</span> <span class='ocrx_word' id='word_1_71' title='bbox 1263 795 1397 828; x_wconf 77' lang='lat' dir='ltr'>viscera.</span> 
     </span>
    </p>

    <p class='ocr_par' dir='ltr' id='par_1_5' title="bbox 192 851 1295 987">
     <span class='ocr_line' id='line_1_15' title="bbox 192 851 1284 885; baseline 0.001 -2"><span class='ocrx_word' id='word_1_72' title='bbox 192 851 271 885; x_wconf 79' lang='lat' dir='ltr'>10a.</span> <span class='ocrx_word' id='word_1_73' title='bbox 299 851 462 884; x_wconf 79' lang='lat' dir='ltr'>Nativitas</span> <span class='ocrx_word' id='word_1_74' title='bbox 487 854 543 883; x_wconf 81' lang='lat' dir='ltr'>tua</span> <span class='ocrx_word' id='word_1_75' title='bbox 889 851 971 884; x_wconf 82' lang='lat' dir='ltr'>lOb.</span> <span class='ocrx_word' id='word_1_76' title='bbox 994 852 1084 884; x_wconf 85' lang='lat' dir='ltr'>Mors</span> <span class='ocrx_word' id='word_1_77' title='bbox 1110 855 1166 884; x_wconf 83' lang='lat' dir='ltr'>tua</span> <span class='ocrx_word' id='word_1_78' title='bbox 1190 852 1284 884; x_wconf 88' lang='lat' dir='ltr'>beata</span> 
     </span>
     <span class='ocr_line' id='line_1_16' title="bbox 299 900 1128 932; baseline 0 -2"><span class='ocrx_word' id='word_1_79' title='bbox 299 902 350 930; x_wconf 86' lang='lat' dir='ltr'>est</span> <span class='ocrx_word' id='word_1_80' title='bbox 372 900 474 932; x_wconf 80' lang='lat' dir='ltr'>muita</span> <span class='ocrx_word' id='word_1_81' title='bbox 992 900 1036 931; x_wconf 82' lang='lat' dir='ltr'>sit</span> <span class='ocrx_word' id='word_1_82' title='bbox 1059 900 1128 931; x_wconf 75' lang='lat' dir='ltr'>vita</span> 
     </span>
     <span class='ocr_line' id='line_1_17' title="bbox 301 947 1295 987; baseline 0.001 -8"><span class='ocrx_word' id='word_1_83' title='bbox 301 948 419 980; x_wconf 83' lang='lat' dir='ltr'>mundo</span> <span class='ocrx_word' id='word_1_84' title='bbox 444 947 569 979; x_wconf 82' lang='lat' dir='ltr'>laetitia</span> <span class='ocrx_word' id='word_1_85' title='bbox 991 948 1151 987; x_wconf 68' lang='lat' dir='ltr'>¹iustorum</span> <span class='ocrx_word' id='word_1_86' title='bbox 1175 947 1295 981; x_wconf 76' lang='lat' dir='ltr'>lucida.</span> 
     </span>
    </p>
   </div>
   <div class='ocr_carea' id='block_1_3' title="bbox 191 1003 1521 1101">
    <p class='ocr_par' dir='ltr' id='par_1_6' title="bbox 191 1003 1521 1101">
     <span class='ocr_line' id='line_1_18' title="bbox 191 1003 1521 1046; baseline 0.001 -9"><span class='ocrx_word' id='word_1_87' title='bbox 191 1005 247 1037; x_wconf 84' lang='lat'>11.</span> <span class='ocrx_word' id='word_1_88' title='bbox 274 1004 324 1037; x_wconf 83' lang='lat' dir='ltr'>Tu</span> <span class='ocrx_word' id='word_1_89' title='bbox 349 1007 469 1046; x_wconf 76' lang='lat' dir='ltr'>sancte,</span> <span class='ocrx_word' id='word_1_90' title='bbox 496 1004 589 1036; x_wconf 81' lang='lat' dir='ltr'>nobis</span> <span class='ocrx_word' id='word_1_91' title='bbox 614 1005 658 1036; x_wconf 86' lang='lat' dir='ltr'>sis</span> <span class='ocrx_word' id='word_1_92' title='bbox 683 1003 816 1036; x_wconf 79' lang='lat' dir='ltr'>lucerna</span> <span class='ocrx_word' id='word_1_93' title='bbox 887 1003 969 1038; x_wconf 85' lang='grc'>111).</span> <span class='ocrx_word' id='word_1_94' title='bbox 992 1003 1122 1036; x_wconf 86' lang='lat' dir='ltr'>Ardens</span> <span class='ocrx_word' id='word_1_95' title='bbox 1150 1008 1180 1036; x_wconf 89' lang='lat' dir='ltr'>et</span> <span class='ocrx_word' id='word_1_96' title='bbox 1202 1005 1311 1036; x_wconf 84' lang='lat' dir='ltr'>lucens</span> <span class='ocrx_word' id='word_1_97' title='bbox 1330 1006 1372 1038; x_wconf 86' lang='lat' dir='ltr'>ad</span> <span class='ocrx_word' id='word_1_98' title='bbox 1390 1010 1521 1038; x_wconf 76' lang='lat' dir='ltr'>aeterna</span> 
     </span>
     <span class='ocr_line' id='line_1_19' title="bbox 652 1060 1077 1101; baseline -0.005 -7"><span class='ocrx_word' id='word_1_99' title='bbox 652 1062 708 1095; x_wconf 80' lang='lat'>12.</span> <span class='ocrx_word' id='word_1_100' title='bbox 736 1060 904 1101; x_wconf 84' lang='lat' dir='ltr'>Capienda</span> <span class='ocrx_word' id='word_1_101' title='bbox 924 1062 1077 1101; x_wconf 78' lang='lat' dir='ltr'>praemia.</span> 
     </span>
    </p>
   </div>
   <div class='ocr_carea' id='block_1_4' title="bbox 185 1125 1519 1239">
    <p class='ocr_par' dir='ltr' id='par_1_7' title="bbox 185 1125 1519 1239">
     <span class='ocr_line' id='line_1_20' title="bbox 265 1125 1519 1164; baseline -0.001 -8"><span class='ocrx_word' id='word_1_102' title='bbox 265 1128 289 1156; x_wconf 81' lang='lat' dir='ltr'><strong>F</strong></span> <span class='ocrx_word' id='word_1_103' title='bbox 309 1128 358 1155; x_wconf 89' lang='lat' dir='ltr'>fol.</span> <span class='ocrx_word' id='word_1_104' title='bbox 382 1126 436 1156; x_wconf 84' lang='lat'>143</span> <span class='ocrx_word' id='word_1_105' title='bbox 448 1129 476 1156; x_wconf 84' lang='lat' dir='ltr'>b.</span> <span class='ocrx_word' id='word_1_106' title='bbox 498 1141 535 1145; x_wconf 91' lang='lat'>—</span> <span class='ocrx_word' id='word_1_107' title='bbox 555 1125 606 1160; x_wconf 72' lang='lat' dir='ltr'>2a,</span> <span class='ocrx_word' id='word_1_108' title='bbox 630 1126 646 1155; x_wconf 87' lang='grc'><strong>6</strong></span> <span class='ocrx_word' id='word_1_109' title='bbox 668 1126 889 1164; x_wconf 82' lang='lat' dir='ltr'>praeehonabat</span> <span class='ocrx_word' id='word_1_110' title='bbox 908 1128 944 1154; x_wconf 79' lang='lat' dir='ltr'>st.</span> <span class='ocrx_word' id='word_1_111' title='bbox 964 1127 1208 1162; x_wconf 78' lang='lat' dir='ltr'>praeconabatur.</span> <span class='ocrx_word' id='word_1_112' title='bbox 1230 1142 1266 1147; x_wconf 91' lang='lat'>-—</span> <span class='ocrx_word' id='word_1_113' title='bbox 1288 1126 1339 1160; x_wconf 64' lang='lat'>322.</span> <span class='ocrx_word' id='word_1_114' title='bbox 1367 1131 1375 1157; x_wconf 84' lang='lat'>1</span> <span class='ocrx_word' id='word_1_115' title='bbox 1406 1135 1460 1158; x_wconf 59' lang='lat' dir='ltr'>via.</span> <span class='ocrx_word' id='word_1_116' title='bbox 1482 1143 1519 1148; x_wconf 89' lang='lat'>—</span> 
     </span>
     <span class='ocr_line' id='line_1_21' title="bbox 186 1163 1519 1200; baseline -0.002 -6"><span class='ocrx_word' id='word_1_117' title='bbox 186 1164 239 1196; x_wconf 71' lang='lat'>321.</span> <span class='ocrx_word' id='word_1_118' title='bbox 259 1166 279 1194; x_wconf 86' lang='lat'>4</span> <span class='ocrx_word' id='word_1_119' title='bbox 304 1166 426 1194; x_wconf 83' lang='lat' dir='ltr'>effeetat.</span> <span class='ocrx_word' id='word_1_120' title='bbox 455 1180 492 1185; x_wconf 88' lang='lat'>--</span> <span class='ocrx_word' id='word_1_121' title='bbox 522 1164 577 1200; x_wconf 67' lang='lat'>412,</span> <span class='ocrx_word' id='word_1_122' title='bbox 599 1163 617 1193; x_wconf 87' lang='lat'><strong>3</strong></span> <span class='ocrx_word' id='word_1_123' title='bbox 647 1166 772 1193; x_wconf 69' lang='lat' dir='ltr'>Prae-est</span> <span class='ocrx_word' id='word_1_124' title='bbox 799 1168 835 1193; x_wconf 77' lang='lat' dir='ltr'>et.</span> <span class='ocrx_word' id='word_1_125' title='bbox 861 1180 899 1185; x_wconf 84' lang='lat'>—</span> <span class='ocrx_word' id='word_1_126' title='bbox 925 1164 977 1200; x_wconf 61' lang='lat'>612,</span> <span class='ocrx_word' id='word_1_127' title='bbox 997 1163 1014 1193; x_wconf 87' lang='lat'><strong>3</strong></span> <span class='ocrx_word' id='word_1_128' title='bbox 1042 1164 1143 1193; x_wconf 81' lang='lat' dir='ltr'>dilata.</span> <span class='ocrx_word' id='word_1_129' title='bbox 1171 1182 1208 1187; x_wconf 86' lang='lat'>—</span> <span class='ocrx_word' id='word_1_130' title='bbox 1235 1165 1285 1199; x_wconf 73' lang='lat'>61),</span> <span class='ocrx_word' id='word_1_131' title='bbox 1305 1165 1325 1194; x_wconf 83' lang='lat'>4</span> <span class='ocrx_word' id='word_1_132' title='bbox 1351 1170 1457 1196; x_wconf 66' lang='lat' dir='ltr'>nantia</span> <span class='ocrx_word' id='word_1_133' title='bbox 1483 1168 1519 1196; x_wconf 74' lang='lat' dir='ltr'>cie</span> 
     </span>
     <span class='ocr_line' id='line_1_22' title="bbox 185 1201 977 1239; baseline -0.003 -7"><span class='ocrx_word' id='word_1_134' title='bbox 185 1205 315 1233; x_wconf 75' lang='lat' dir='ltr'>Christo.</span> <span class='ocrx_word' id='word_1_135' title='bbox 336 1219 373 1223; x_wconf 87' lang='lat'>—-</span> <span class='ocrx_word' id='word_1_136' title='bbox 394 1204 446 1237; x_wconf 80' lang='lat'>71›‚</span> <span class='ocrx_word' id='word_1_137' title='bbox 469 1201 486 1231; x_wconf 79' lang='lat'>3</span> <span class='ocrx_word' id='word_1_138' title='bbox 509 1204 640 1232; x_wconf 82' lang='lat' dir='ltr'>obtentu.</span> <span class='ocrx_word' id='word_1_139' title='bbox 660 1219 700 1223; x_wconf 86' lang='lat'>-—</span> <span class='ocrx_word' id='word_1_140' title='bbox 722 1202 764 1233; x_wconf 83' lang='lat'>12.</span> <span class='ocrx_word' id='word_1_141' title='bbox 788 1203 803 1231; x_wconf 90' lang='lat'>1</span> <span class='ocrx_word' id='word_1_142' title='bbox 829 1202 977 1239; x_wconf 75' lang='lat' dir='ltr'>(¹apend0.</span> 
     </span>
    </p>
   </div>
   <div class='ocr_carea' id='block_1_5' title="bbox 602 1295 1099 1329">
    <p class='ocr_par' dir='ltr' id='par_1_8' title="bbox 602 1295 1099 1329">
     <span class='ocr_line' id='line_1_23' title="bbox 602 1295 1099 1329; baseline -0.002 -1"><span class='ocrx_word' id='word_1_143' title='bbox 602 1297 667 1328; x_wconf 77' lang='lat'>150.</span> <span class='ocrx_word' id='word_1_144' title='bbox 688 1295 732 1328; x_wconf 79' lang='lat' dir='ltr'>De</span> <span class='ocrx_word' id='word_1_145' title='bbox 753 1298 862 1329; x_wconf 76' lang='lat' dir='ltr'>sancto</span> <span class='ocrx_word' id='word_1_146' title='bbox 882 1296 1022 1329; x_wconf 83' lang='lat' dir='ltr'>Johanne</span> <span class='ocrx_word' id='word_1_147' title='bbox 1041 1296 1099 1328; x_wconf 74' lang='lat' dir='ltr'>Ev.</span> 
     </span>
    </p>
   </div>
   <div class='ocr_carea' id='block_1_6' title="bbox 646 1369 1005 1402">
    <p class='ocr_par' dir='ltr' id='par_1_9' title="bbox 646 1369 1005 1402">
     <span class='ocr_line' id='line_1_24' title="bbox 646 1369 1005 1402; baseline -0.006 -1"><span class='ocrx_word' id='word_1_148' title='bbox 646 1370 677 1402; x_wconf 88' lang='lat'>1.</span> <span class='ocrx_word' id='word_1_149' title='bbox 706 1369 797 1400; x_wconf 84' lang='lat' dir='ltr'>Haec</span> <span class='ocrx_word' id='word_1_150' title='bbox 822 1371 870 1400; x_wconf 88' lang='lat' dir='ltr'>est</span> <span class='ocrx_word' id='word_1_151' title='bbox 893 1370 1005 1400; x_wconf 83' lang='lat' dir='ltr'>sancta</span> 
     </span>
    </p>
   </div>
   <div class='ocr_carea' id='block_1_7' title="bbox 200 1417 1462 2418">
    <p class='ocr_par' dir='ltr' id='par_1_10' title="bbox 705 1417 891 1449">
     <span class='ocr_line' id='line_1_25' title="bbox 705 1417 891 1449; baseline -0.005 -1"><span class='ocrx_word' id='word_1_152' title='bbox 705 1417 891 1449; x_wconf 79' lang='lat' dir='ltr'>solemnitas</span> 
     </span>
    </p>

    <p class='ocr_par' dir='ltr' id='par_1_11' title="bbox 208 1473 1284 1651">
     <span class='ocr_line' id='line_1_26' title="bbox 208 1473 1284 1515; baseline 0 -8"><span class='ocrx_word' id='word_1_153' title='bbox 208 1477 264 1507; x_wconf 85' lang='lat' dir='ltr'>2a.</span> <span class='ocrx_word' id='word_1_154' title='bbox 290 1473 334 1506; x_wconf 85' lang='lat' dir='ltr'>Et</span> <span class='ocrx_word' id='word_1_155' title='bbox 359 1473 545 1506; x_wconf 77' lang='lat' dir='ltr'>veneranda</span> <span class='ocrx_word' id='word_1_156' title='bbox 901 1473 961 1506; x_wconf 67' lang='lat' dir='ltr'>ab.</span> <span class='ocrx_word' id='word_1_157' title='bbox 986 1474 1062 1514; x_wconf 84' lang='lat' dir='ltr'>Ipse</span> <span class='ocrx_word' id='word_1_158' title='bbox 1087 1483 1224 1515; x_wconf 81' lang='lat' dir='ltr'>namque</span> <span class='ocrx_word' id='word_1_159' title='bbox 1250 1480 1284 1507; x_wconf 84' lang='lat' dir='ltr'>ut</span> 
     </span>
     <span class='ocr_line' id='line_1_27' title="bbox 290 1521 1103 1562; baseline 0 -9"><span class='ocrx_word' id='word_1_160' title='bbox 290 1521 377 1553; x_wconf 84' lang='lat' dir='ltr'>beati</span> <span class='ocrx_word' id='word_1_161' title='bbox 984 1522 1103 1562; x_wconf 86' lang='lat' dir='ltr'>gaudia</span> 
     </span>
     <span class='ocr_line' id='line_1_28' title="bbox 290 1570 1166 1610; baseline -0.001 -7"><span class='ocrx_word' id='word_1_162' title='bbox 290 1570 447 1603; x_wconf 84' lang='lat' dir='ltr'>Johannis</span> <span class='ocrx_word' id='word_1_163' title='bbox 473 1571 504 1600; x_wconf 89' lang='lat' dir='ltr'>et</span> <span class='ocrx_word' id='word_1_164' title='bbox 983 1570 1166 1610; x_wconf 86' lang='lat' dir='ltr'>possideret</span> 
     </span>
     <span class='ocr_line' id='line_1_29' title="bbox 289 1618 1137 1651; baseline 0.001 -2"><span class='ocrx_word' id='word_1_165' title='bbox 289 1618 487 1649; x_wconf 82' lang='lat' dir='ltr'>honoranda.</span> <span class='ocrx_word' id='word_1_166' title='bbox 986 1619 1137 1651; x_wconf 86' lang='lat' dir='ltr'>coelestia</span> 
     </span>
    </p>

    <p class='ocr_par' dir='ltr' id='par_1_12' title="bbox 208 1673 1275 1764">
     <span class='ocr_line' id='line_1_30' title="bbox 208 1673 1275 1719; baseline 0.001 -11"><span class='ocrx_word' id='word_1_167' title='bbox 208 1677 263 1709; x_wconf 81' lang='lat' dir='ltr'>3a.</span> <span class='ocrx_word' id='word_1_168' title='bbox 292 1673 413 1707; x_wconf 80' lang='lat' dir='ltr'>Christi</span> <span class='ocrx_word' id='word_1_169' title='bbox 440 1677 569 1707; x_wconf 80' lang='lat' dir='ltr'>secutus</span> <span class='ocrx_word' id='word_1_170' title='bbox 595 1678 642 1706; x_wconf 85' lang='lat' dir='ltr'>est</span> <span class='ocrx_word' id='word_1_171' title='bbox 902 1674 961 1708; x_wconf 69' lang='lat'>3¹0.</span> <span class='ocrx_word' id='word_1_172' title='bbox 982 1676 1111 1709; x_wconf 75' lang='lat' dir='ltr'>Idcirco</span> <span class='ocrx_word' id='word_1_173' title='bbox 1136 1677 1275 1719; x_wconf 82' lang='lat' dir='ltr'>adeptus</span> 
     </span>
     <span class='ocr_line' id='line_1_31' title="bbox 289 1723 1212 1764; baseline 0.004 -10"><span class='ocrx_word' id='word_1_174' title='bbox 289 1723 427 1764; x_wconf 78' lang='lat' dir='ltr'>vestigia</span> <span class='ocrx_word' id='word_1_175' title='bbox 986 1727 1034 1756; x_wconf 85' lang='lat' dir='ltr'>est</span> <span class='ocrx_word' id='word_1_176' title='bbox 1059 1726 1212 1764; x_wconf 82' lang='lat' dir='ltr'>praemia.</span> 
     </span>
    </p>

    <p class='ocr_par' dir='ltr' id='par_1_13' title="bbox 204 1781 1264 2008">
     <span class='ocr_line' id='line_1_32' title="bbox 204 1781 1194 1822; baseline 0 -8"><span class='ocrx_word' id='word_1_177' title='bbox 204 1782 262 1814; x_wconf 87' lang='lat' dir='ltr'>4a.</span> <span class='ocrx_word' id='word_1_178' title='bbox 289 1781 364 1814; x_wconf 85' lang='lat' dir='ltr'>Jam</span> <span class='ocrx_word' id='word_1_179' title='bbox 389 1790 475 1813; x_wconf 86' lang='lat' dir='ltr'>nunc</span> <span class='ocrx_word' id='word_1_180' title='bbox 500 1789 575 1821; x_wconf 84' lang='lat' dir='ltr'>ergo</span> <span class='ocrx_word' id='word_1_181' title='bbox 899 1781 960 1814; x_wconf 86' lang='lat' dir='ltr'>4b.</span> <span class='ocrx_word' id='word_1_182' title='bbox 984 1783 1034 1814; x_wconf 88' lang='lat' dir='ltr'>Ac</span> <span class='ocrx_word' id='word_1_183' title='bbox 1059 1786 1194 1822; x_wconf 82' lang='lat' dir='ltr'>precatu</span> 
     </span>
     <span class='ocr_line' id='line_1_33' title="bbox 286 1829 1250 1872; baseline 0.002 -10"><span class='ocrx_word' id='word_1_184' title='bbox 286 1829 387 1869; x_wconf 85' lang='lat' dir='ltr'>ipsius</span> <span class='ocrx_word' id='word_1_185' title='bbox 412 1833 558 1869; x_wconf 83' lang='lat' dir='ltr'>petamus</span> <span class='ocrx_word' id='word_1_186' title='bbox 982 1830 1120 1870; x_wconf 87' lang='lat' dir='ltr'>benigno</span> <span class='ocrx_word' id='word_1_187' title='bbox 1147 1831 1250 1872; x_wconf 84' lang='lat' dir='ltr'>adjuti</span> 
     </span>
     <span class='ocr_line' id='line_1_34' title="bbox 287 1876 1180 1920; baseline 0.002 -11"><span class='ocrx_word' id='word_1_188' title='bbox 287 1876 448 1919; x_wconf 81' lang='lat' dir='ltr'>suffragia,</span> <span class='ocrx_word' id='word_1_189' title='bbox 983 1879 1180 1920; x_wconf 82' lang='lat' dir='ltr'>sempiterna</span> 
     </span>
     <span class='ocr_line' id='line_1_35' title="bbox 287 1925 1264 1969; baseline 0.002 -10"><span class='ocrx_word' id='word_1_190' title='bbox 287 1928 400 1959; x_wconf 84' lang='lat' dir='ltr'>nostra</span> <span class='ocrx_word' id='word_1_191' title='bbox 423 1929 458 1959; x_wconf 92' lang='lat' dir='ltr'>ut</span> <span class='ocrx_word' id='word_1_192' title='bbox 484 1925 588 1958; x_wconf 86' lang='lat' dir='ltr'>solvat</span> <span class='ocrx_word' id='word_1_193' title='bbox 986 1927 1074 1969; x_wconf 86' lang='lat' dir='ltr'>digni</span> <span class='ocrx_word' id='word_1_194' title='bbox 1100 1931 1264 1968; x_wconf 82' lang='lat' dir='ltr'>captemus</span> 
     </span>
     <span class='ocr_line' id='line_1_36' title="bbox 288 1974 1124 2008; baseline 0.002 -2"><span class='ocrx_word' id='word_1_195' title='bbox 288 1974 397 2006; x_wconf 84' lang='lat' dir='ltr'>debita</span> <span class='ocrx_word' id='word_1_196' title='bbox 982 1984 1124 2008; x_wconf 83' lang='lat' dir='ltr'>munera.</span> 
     </span>
    </p>

    <p class='ocr_par' dir='ltr' id='par_1_14' title="bbox 202 2031 1462 2262">
     <span class='ocr_line' id='line_1_37' title="bbox 202 2031 1462 2074; baseline 0.003 -8"><span class='ocrx_word' id='word_1_197' title='bbox 202 2034 257 2066; x_wconf 82' lang='lat' dir='ltr'>5a.</span> <span class='ocrx_word' id='word_1_198' title='bbox 287 2031 352 2064; x_wconf 92' lang='lat' dir='ltr'>Ubi</span> <span class='ocrx_word' id='word_1_199' title='bbox 377 2033 543 2065; x_wconf 82' lang='lat' dir='ltr'>videamus</span> <span class='ocrx_word' id='word_1_200' title='bbox 569 2041 678 2074; x_wconf 82' lang='lat' dir='ltr'>regem</span> <span class='ocrx_word' id='word_1_201' title='bbox 900 2033 960 2067; x_wconf 84' lang='lat' dir='ltr'>5b.</span> <span class='ocrx_word' id='word_1_202' title='bbox 984 2034 1103 2074; x_wconf 76' lang='lat' dir='ltr'>Quibus</span> <span class='ocrx_word' id='word_1_203' title='bbox 1129 2035 1270 2067; x_wconf 85' lang='lat' dir='ltr'>medium</span> <span class='ocrx_word' id='word_1_204' title='bbox 1303 2037 1462 2070; x_wconf 74' lang='lat' dir='ltr'>credimus</span> 
     </span>
     <span class='ocr_line' id='line_1_38' title="bbox 285 2081 1243 2126; baseline 0.004 -14"><span class='ocrx_word' id='word_1_205' title='bbox 285 2083 418 2113; x_wconf 83' lang='lat' dir='ltr'>aeterna</span> <span class='ocrx_word' id='word_1_206' title='bbox 442 2081 633 2113; x_wconf 82' lang='lat' dir='ltr'>reddentem</span> <span class='ocrx_word' id='word_1_207' title='bbox 982 2085 1015 2114; x_wconf 89' lang='lat' dir='ltr'>te</span> <span class='ocrx_word' id='word_1_208' title='bbox 1040 2082 1120 2126; x_wconf 84' lang='lat' dir='ltr'>fore,</span> <span class='ocrx_word' id='word_1_209' title='bbox 1148 2083 1243 2118; x_wconf 83' lang='lat' dir='ltr'>beate</span> 
     </span>
     <span class='ocr_line' id='line_1_39' title="bbox 285 2129 1152 2175; baseline 0.003 -14"><span class='ocrx_word' id='word_1_210' title='bbox 285 2129 430 2170; x_wconf 82' lang='lat' dir='ltr'>praemia</span> <span class='ocrx_word' id='word_1_211' title='bbox 980 2131 1152 2175; x_wconf 77' lang='lat' dir='ltr'>Johannes‚</span> 
     </span>
     <span class='ocr_line' id='line_1_40' title="bbox 283 2178 1310 2223; baseline 0.003 -12"><span class='ocrx_word' id='word_1_212' title='bbox 283 2178 491 2218; x_wconf 81' lang='lat' dir='ltr'>sequentibus</span> <span class='ocrx_word' id='word_1_213' title='bbox 513 2181 569 2210; x_wconf 81' lang='lat' dir='ltr'>tua</span> <span class='ocrx_word' id='word_1_214' title='bbox 982 2182 1013 2212; x_wconf 92' lang='lat' dir='ltr'>et</span> <span class='ocrx_word' id='word_1_215' title='bbox 1038 2181 1111 2212; x_wconf 88' lang='lat' dir='ltr'>luce</span> <span class='ocrx_word' id='word_1_216' title='bbox 1135 2179 1310 2223; x_wconf 84' lang='lat' dir='ltr'>fulgentem</span> 
     </span>
     <span class='ocr_line' id='line_1_41' title="bbox 281 2227 1087 2262; baseline 0.004 -4"><span class='ocrx_word' id='word_1_217' title='bbox 281 2227 414 2262; x_wconf 79' lang='lat' dir='ltr'>monita.</span> <span class='ocrx_word' id='word_1_218' title='bbox 979 2229 1087 2261; x_wconf 80' lang='lat' dir='ltr'>rutila.</span> 
     </span>
    </p>

    <p class='ocr_par' dir='ltr' id='par_1_15' title="bbox 200 2283 1249 2418">
     <span class='ocr_line' id='line_1_42' title="bbox 200 2283 1246 2324; baseline 0.004 -7"><span class='ocrx_word' id='word_1_219' title='bbox 200 2285 255 2317; x_wconf 84' lang='lat' dir='ltr'>6a.</span> <span class='ocrx_word' id='word_1_220' title='bbox 282 2283 392 2324; x_wconf 87' lang='lat' dir='ltr'>Atque</span> <span class='ocrx_word' id='word_1_221' title='bbox 414 2285 544 2318; x_wconf 89' lang='lat' dir='ltr'>Domini</span> <span class='ocrx_word' id='word_1_222' title='bbox 898 2286 957 2319; x_wconf 90' lang='lat' dir='ltr'>6b.</span> <span class='ocrx_word' id='word_1_223' title='bbox 979 2286 1099 2319; x_wconf 85' lang='lat' dir='ltr'>Dulces</span> <span class='ocrx_word' id='word_1_224' title='bbox 1128 2297 1246 2321; x_wconf 85' lang='lat' dir='ltr'>canora</span> 
     </span>
     <span class='ocr_line' id='line_1_43' title="bbox 282 2333 1249 2375; baseline 0.005 -11"><span class='ocrx_word' id='word_1_225' title='bbox 282 2340 418 2373; x_wconf 86' lang='lat' dir='ltr'>sequens</span> <span class='ocrx_word' id='word_1_226' title='bbox 443 2333 582 2375; x_wconf 84' lang='lat' dir='ltr'>vestigia</span> <span class='ocrx_word' id='word_1_227' title='bbox 978 2336 1056 2369; x_wconf 85' lang='lat' dir='ltr'>odas</span> <span class='ocrx_word' id='word_1_228' title='bbox 1082 2337 1249 2370; x_wconf 84' lang='lat' dir='ltr'>resonabis</span> 
     </span>
     <span class='ocr_line' id='line_1_44' title="bbox 282 2382 1212 2418; baseline 0.005 -5"><span class='ocrx_word' id='word_1_229' title='bbox 282 2390 353 2413; x_wconf 83' lang='lat' dir='ltr'>cum</span> <span class='ocrx_word' id='word_1_230' title='bbox 377 2382 546 2415; x_wconf 84' lang='lat' dir='ltr'>innumera</span> <span class='ocrx_word' id='word_1_231' title='bbox 980 2385 1212 2418; x_wconf 85' lang='lat' dir='ltr'>candidissima</span> 
     </span>
    </p>
   </div>
   <div class='ocr_carea' id='block_1_8' title="bbox 280 2431 1347 2471">
    <p class='ocr_par' dir='ltr' id='par_1_16' title="bbox 280 2431 1347 2471">
     <span class='ocr_line' id='line_1_45' title="bbox 280 2431 1347 2471; baseline 0.005 -8"><span class='ocrx_word' id='word_1_232' title='bbox 280 2431 392 2471; x_wconf 84' lang='lat' dir='ltr'>populi</span> <span class='ocrx_word' id='word_1_233' title='bbox 416 2432 508 2464; x_wconf 81' lang='lat' dir='ltr'>milia</span> <span class='ocrx_word' id='word_1_234' title='bbox 980 2442 1052 2466; x_wconf 87' lang='lat' dir='ltr'>cum</span> <span class='ocrx_word' id='word_1_235' title='bbox 1075 2434 1172 2467; x_wconf 81' lang='lat' dir='ltr'>turba</span> <span class='ocrx_word' id='word_1_236' title='bbox 1196 2435 1347 2468; x_wconf 77' lang='lat' dir='ltr'>maxima.</span> 
     </span>
    </p>
   </div>
  </div>
 </body>
</html>
