1655 2637
670 81 931 118 —153—

130 177 187 211 Sa.
213 177 340 211 Horum
363 179 431 212 vita

213 235 376 267 nunquam
400 227 544 261 finienda

215 275 277 307 erit
302 275 380 308 solis
404 278 442 308 ut
462 275 560 317 jubar
584 277 713 309 munda.

831 181 891 214 3b.
913 181 1038 213 Horum
1063 181 1118 220 pia

913 229 1100 269 precamina
1123 231 1234 261 nostra

916 277 1041 310 diluant
1067 276 1253 317 peccamina
1279 278 1403 310 cuncta,

208 334 252 363 Ga
274 336 325 365 fol.
353 335 431 366 351).
462 353 494 358 —
524 336 576 371 la,
599 336 618 366 3
641 339 721 374 regis
749 339 841 367 solve.
863 352 899 357 »-
922 337 973 372 11»,
995 336 1014 367 3
1044 339 1158 366 celsum
1177 338 1321 366 infantem
1344 340 1470 365 ersteres

130 373 313 411 fiberziihlig.
334 390 372 395 -—
393 374 448 404 211.
465 375 479 404 1
501 376 632 405 Plorent.
656 391 692 396 —-
713 374 768 412 312,
783 375 801 405 3
822 378 931 415 piguis.
951 391 990 396 —
1009 377 1067 405 Die
1081 376 1216 412 Sequenz
1231 377 1284 404 hat
1302 375 1470 404 irrtiimlieh

131 411 181 441 die
201 413 367 443 Aufschrift
386 415 422 443 de
443 417 547 443 sancta
566 423 661 444 cruce.

550 507 611 539 138.
633 508 668 540 In
688 507 793 539 natali
812 505 1035 539 Innocentium.

594 569 626 602 1.
653 568 820 601 Altissime
844 567 944 602 Deus,

653 617 707 656 qui
731 616 891 656 gubernas
916 616 1033 659 omnia,

828 673 887 705 21).
910 674 948 706 In
974 674 1063 714 cujus
1088 682 1225 715 namque
1249 682 1346 707 manu

131 673 186 706 2a.
216 672 328 705 Coelos
355 675 386 704 et
411 682 491 705 arva
515 674 600 715 regis

213 729 330 761 magna
353 721 508 761 potentia.

130 777 189 813 3a.
215 776 366 810 Gaudent
391 781 422 809 et

215 825 378 858 exsultant
402 826 435 859 in
461 825 591 859 sublimi

213 872 317 913 gloria

213 923 361 954 creatura
384 924 449 955 tua.

127 980 183 1013 4a.
211 979 287 1011 Tibi
311 979 513 1012 incessanter

207 1027 361 1066 juvenilis
388 1031 555 1060 cantorum
581 1028 686 1068 turba,

208 1083 337 1116 semper
361 1075 479 1107 adstat.

125 1133 181 1166 5a.
209 1131 352 1171 Quatuor
377 1133 460 1165 enim
487 1136 517 1165 et
545 1136 670 1166 centum

209 1179 425 1222 quadraginta

209 1228 299 1260 milia

209 1284 279 1308 cum
303 1275 493 1309 mulieribus
516 1286 579 1309 non
606 1280 680 1309 sunt

207 1323 366 1365 inquinati

208 1381 354 1413 corpora²

207 1421 260 1461 qui
287 1420 387 1461 empti
412 1423 487 1453 sunt
512 1421 553 1453 de
577 1424 675 1455 terra.

125 1480 180 1512 Ga.
209 1478 416 1511 Proclamant
440 1487 552 1512 voces:

205 1535 292 1570 vere,
318 1526 417 1567 Deus,
441 1526 530 1566 justa

204 1574 330 1615 Judicia
355 1578 419 1608 tua.

124 1629 181 1661 ¹7a.
208 1627 255 1660 Et
279 1627 416 1660 audiunt
440 1636 460 1659 a
484 1628 686 1660 sanctissima

207 1684 285 1708 voce
309 1675 497 1715 praeclara:

205 1728 354 1765 tempora

205 1773 362 1805 sustinete
385 1771 524 1812 modica,

121 1827 177 1860 8a.
206 1826 341 1865 Oportet
366 1834 460 1858 sacra

205 1874 312 1907 omnia
336 1873 466 1914 impleri

203 1924 408 1963 testamenta,
436 1931 519 1964 quae
542 1924 618 1954 sunt

202 1979 264 2012 per
288 1970 466 2012 prophetas
489 1970 689 2011 praedicata.

122 2027 178 2059 9a.
204 2025 414 2065 Acceperunt
438 2032 571 2056 coronas

205 2076 237 2106 et
259 2074 481 2114 pervenerunt

203 2121 244 2155 ad
269 2130 387 2162 magna
410 2120 539 2163 gaudia.

586 2174 643 2208 10.
669 2174 767 2207 Alme
790 2175 812 2209 J
814 2183 877 2215 esu,

828 778 887 812 312.

827 979 885 1014 4b.

825 1132 884 1165 5b.

824 1477 881 1510 eb.

823 1627 884 1660 7b.

823 1825 881 1860 81).

822 2023 883 2058 9b,

912 723 988 753 sunt
1012 729 1112 762 regna
1136 722 1253 755 omnia.

910 779 956 810 Te
981 779 1094 811 laudat

913 829 1027 859 cuncta
1051 828 1199 867 polorum
1225 827 1305 860 mira

910 874 1080 914 praecelsa

910 925 1052 961 potestas
1079 925 1220 956 caterva.

910 979 1061 1012 Carmina
1086 980 1172 1011 laeta
1196 988 1234 1011 ac

910 1036 994 1060 nova
1017 1027 1203 1060 veneranda
1226 1028 1438 1069 proclamant,

907 1075 1063 1115 Alleluja.

908 1132 995 1164 Ante
1020 1131 1171 1164 thronum
1197 1134 1285 1164 tuum
1324 1136 1457 1165 :anctum

908 1180 1107 1220 gratulantes

905 1227 1056 1267 Jubilant‚

907 1277 1006 1308 stolas
1031 1276 1218 1316 praeclaras
1243 1276 1359 1315 induti,

909 1323 1053 1356 decorati

908 1380 978 1403 cum
1005 1371 1132 1412 palmis,

907 1420 1118 1460 triumphales
1144 1418 1311 1452 fulserant.

906 1477 1044 1510 Sanctus
1071 1481 1103 1509 et
1127 1481 1240 1517 rector

905 1535 1006 1566 quare
1030 1534 1094 1558 non
1119 1526 1265 1559 vindicas

905 1575 1060 1607 ultionem
1084 1576 1229 1607 nostram
1238 1573 1254 1606 ἓ

907 1626 1020 1659 Donec
1043 1626 1218 1667 impleatur
1243 1636 1394 1660 numerus

906 1674 1044 1708 fratrum
1069 1677 1261 1718 vestrorum,

906 1732 984 1763 quos
1010 1723 1073 1756 Dei

905 1771 1004 1804 habet
1028 1772 1155 1805 notitia.

909 1825 934 1858 O
963 1825 1148 1864 certamina,

906 1873 1056 1915 gloriosa,
1084 1873 1137 1913 qui
1162 1881 1224 1914 pro

907 1921 1036 1954 Christo
1060 1921 1215 1954 immania

904 1970 1172 2011 pertuleruntque
1197 1972 1365 2003 tormenta.

909 2023 998 2065 Ergo
1024 2031 1089 2056 non
1115 2023 1175 2055 erit
1205 2023 1290 2056 ultra

904 2072 1010 2104 luctus
1035 2080 1097 2104 nec
1122 2072 1243 2104 clamor

904 2121 963 2154 sed
988 2129 1050 2153 nec
1073 2121 1141 2154 ulla
1164 2128 1277 2161 poena.

666 2224 767 2264 Junge
789 2232 849 2256 nos
875 2231 946 2255 cum
970 2223 1051 2263 ipsis

669 2273 703 2304 in
728 2272 842 2313 gloria.

195 2335 220 2363 B
240 2335 291 2363 fol.
314 2333 409 2372 1603).
431 2350 470 2355 ——
491 2335 534 2363 Ca
554 2334 605 2362 fol.
633 2332 670 2362 64
680 2341 707 2361 a.
728 2348 766 2353 —-
786 2334 814 2362 E
835 2333 885 2362 fol.
907 2331 1003 2362 2371»
1025 2348 1062 2352 —
1084 2333 1111 2361 G
1130 2333 1181 2361 fol.
1206 2330 1260 2361 185
1273 2341 1298 2361 a.
1321 2348 1361 2354 —‹
1381 2330 1426 2361 3a
1446 2330 1464 2360 2

120 2374 269 2403 exsultent
290 2373 324 2403 G.
353 2390 390 2395 —-
417 2372 470 2409 42,
493 2373 508 2401 1
535 2373 583 2401 Ibi
610 2373 795 2401 incessanter
823 2372 912 2402 ΒΕΘ,
933 2389 972 2393 —
990 2371 1042 2409 Ta,
1066 2371 1081 2400 1
1113 2380 1156 2408 sq.
1185 2371 1223 2400 ad
1243 2372 1464 2400 sanctissimam

117 2422 230 2442 vot-em.
250 2429 290 2434 —
312 2411 363 2449 9b,
385 2411 403 2440 2
426 2414 520 2442 lectus
546 2412 597 2441 Ca.
