1655 2637
690 103 954 139 -271-

228 190 253 218 B
273 191 324 220 fol.
346 190 404 221 243
425 202 451 222 a.
478 211 517 216 —
544 196 571 223 Ε
598 198 648 226 fol.
672 197 730 227 304
752 208 779 227 a.
808 217 845 221 —
873 197 924 234 2a,
946 199 965 230 3
984 201 1169 230 modulamus
1190 202 1252 231 BE.
1278 219 1315 224 —
1343 201 1395 238 21),
1418 200 1436 230 3
1459 207 1488 231 et

149 229 270 257 solvant
288 230 331 265 E3
359 233 389 260 et
409 233 531 263 solvunt
549 235 584 263 Β.
605 252 645 257 —
664 235 714 272 3³,
737 236 755 265 2
786 248 844 275 quo
866 240 995 268 discreta
1014 240 1066 269 BE
1090 249 1191 269 sumus
1210 241 1252 273 Ε;
1280 244 1372 270 sumis
1394 242 1427 269 B.
1448 258 1488 262 —

147 265 200 312 31),
225 265 238 294 1
267 268 425 298 Testantes
445 272 486 307 B;
507 276 658 311 gestantes
681 277 717 304 Ε,
738 293 778 297 -
797 278 850 313 31),
875 275 893 305 2
913 282 1050 315 sugmata
1068 279 1102 306 B.
1125 294 1160 298 —
1183 279 1210 315 4,
1234 279 1247 307 1
1270 280 1323 308 Ich
1342 280 1420 308 finde
1437 281 1485 309 bei

146 305 350 335 Diefenbach:
371 310 434 336 ciro
455 312 475 338 i.
497 314 627 349 sanccio,
648 315 683 342 ik
702 315 817 351 hilghe:
838 316 991 345 vielleicht
1011 318 1088 346 auch
1101 318 1259 347 Del-ivativ
1278 328 1337 347 von
1350 320 1434 348 chira
1449 331 1486 341 =

145 346 227 382 χείρ.
254 358 293 365 —
317 345 344 381 4,
372 345 393 374 4
423 357 477 384 per
508 352 628 379 saecula
658 353 694 380 Ε.
725 369 763 373 —
793 355 885 383 Diese
914 355 1006 384 Prose
1035 358 1076 384 ist
1107 358 1171 385 eine
1200 358 1401 395 Bearbeitung
1426 367 1484 386 von

147 381 214 418 234,
235 384 485 415 wahrscheinlich
504 398 554 417 um
579 390 637 418 den
657 392 882 422 Parasselismus
905 394 1112 423 herzustellen.

147 713 202 747 2a.

147 867 203 900 3a.

144 1022 201 1054 4a.

146 1272 202 1307 5a.

146 1475 201 1509 6a.

598 492 665 524 255.
697 494 797 525 Prusa
817 494 1032 528 Dominicalis.

596 564 627 597 1.
656 565 762 598 Corde
789 566 904 599 devoto

654 613 756 645 omnis
782 623 867 646 nunc
890 613 1035 647 fidelium

655 663 750 693 canat
777 665 907 694 caterva

228 712 338 753 Atque
362 714 525 753 supplicet
844 720 903 752 2b.
931 719 1055 753 Cuncta
1080 722 1213 755 crimina

227 760 297 793 Deo
324 761 547 805 omnipotenti,
574 767 609 796 ut
928 777 948 800 a
973 777 1008 800 se
1032 772 1213 814 contracta5
1242 776 1394 811 exposcat

228 808 300 849 ipse
324 810 432 842 solvat
927 825 1027 856 prece
1051 826 1155 858 prona

229 866 275 899 Et
298 867 489 905 humillima,
516 873 551 902 ut
844 873 903 907 3b.
926 874 981 906 Ad
1007 883 1161 914 praesens
1187 876 1284 908 etiam

228 915 348 948 lucrari
376 915 462 948 bona
486 916 543 950 fiat
926 926 1056 961 promat
1081 924 1330 964 cunctipotentis

227 964 388 1005 condigna
413 965 543 998 coelica.
925 979 1043 1011 magna
1066 970 1232 1004 miracula.

229 1021 320 1053 Idem
344 1030 462 1062 nempe
489 1022 610 1056 coelica
843 1026 903 1060 412.
926 1026 1039 1059 Posuit
1061 1028 1139 1059 solis
1165 1031 1269 1061 rotam

227 1077 265 1101 ac
289 1073 399 1102 terrea
927 1077 1022 1115 atque
1048 1076 1157 1107 lunam

226 1119 373 1158 potentia
925 1123 1080 1155 micantia

230 1164 405 1200 fabricavit
430 1175 470 1199 ex
494 1167 597 1200 nihilo
926 1179 987 1202 nec
1012 1180 1077 1204 non
1102 1174 1192 1204 astra
1215 1173 1249 1204 111
1272 1171 1355 1206 facie

227 1223 403 1254 procreans
431 1218 554 1248 cuncta,
926 1219 994 1259 poli
1019 1219 1133 1258 rutila3

228 1271 365 1304 Demum
391 1273 529 1306 hominis
555 1274 691 1315 plasma,
843 1276 901 1310 5b.
925 1276 989 1309 Pro
1016 1277 1161 1310 bonitate
1187 1278 1254 1311 sola

226 1320 282 1360 qui
308 1321 489 1354 contineret
925 1333 985 1356 sua
1008 1325 1125 1366 sophia

226 1377 306 1401 arva
330 1372 446 1402 cuncta
927 1371 1079 1413 figuravit

226 1417 382 1460 subjecta,
928 1423 1049 1454 extera.

228 1474 296 1507 Nos
324 1484 410 1517 ergo,
437 1485 561 1509 summe
586 1486 655 1518 rex,
843 1479 903 1512 6b.
929 1478 1083 1511 Omnibus
1108 1480 1210 1512 tribui

228 1526 375 1557 creatura
399 1527 466 1564 tua,
927 1527 1021 1559 nobis
1047 1527 1191 1561 salubria

224 1573 404 1611 prosoimus
429 1573 577 1606 subsidia
926 1583 987 1615 per
1013 1576 1121 1608 omnia
1145 1579 1315 1611 momenta.

610 1633 641 1666 ¹7.
669 1632 736 1665 Nos
764 1632 925 1665 desolatos

668 1690 731 1713 non
759 1681 973 1721 derelinquas,

668 1729 814 1769 paradisi
840 1730 912 1762 loca

667 1778 726 1810 sed
750 1778 844 1810 nobis
871 1779 965 1810 dona.

217 1841 250 1869 M
270 1842 320 1870 fol.
342 1840 399 1870 198
421 1842 448 1870 b.
470 1857 509 1861 —
530 1840 583 1876 212,
611 1840 629 1871 3
650 1852 746 1880 prona
767 1853 863 1881 preco.
892 1859 929 1865 —
955 1842 1009 1877 312,
1038 1843 1056 1873 3
1078 1846 1237 1874 mirabilia.
1268 1862 1302 1866 —
1330 1847 1410 1876 Titel
1431 1847 1482 1875 der

142 1879 290 1918 Sequenz:
315 1883 350 1909 Te
370 1882 440 1909 decet
463 1883 593 1916 hymnus.

141 2156 199 2189 221.

141 2312 197 2346 3a.

594 1977 660 2009 256.
691 1977 790 2010 Prusa
809 1976 1025 2010 Dominicalis.

609 2049 639 2083 1.
670 2049 858 2090 Coaequalis

666 2098 755 2139 patri
779 2107 840 2138 per
865 2098 971 2132 omnia

226 2156 277 2188 Ac
301 2156 433 2197 spiritui
459 2156 581 2192 divino,
845 2157 907 2190 ab.
926 2156 1022 2189 Nunc
1049 2156 1192 2198 digneris
1218 2160 1388 2198 acceptare

225 2213 283 2237 rex
309 2214 431 2246 regum,
459 2207 579 2247 tutam,
928 2207 1056 2238 tuarum
1081 2205 1214 2238 laudum

224 2262 306 2293 quae
331 2255 416 2293 sunt,
444 2254 560 2296 omnia,
927 2256 1040 2287 nostra
1066 2254 1201 2288 cantica.

224 2311 274 2343 Tu
300 2313 386 2354 regis
412 2321 546 2351 summa,
579 2311 654 2351 ima,
848 2312 907 2347 312.
930 2312 1005 2345 Tibi
1033 2312 1163 2345 exhibet
1188 2313 1321 2346 Phoeba

226 2363 262 2392 tu
286 2363 417 2403 torques
930 2370 969 2393 ac
992 2361 1087 2394 Titan

224 2409 368 2443 lucentia
392 2410 512 2443 sidera.
932 2410 1028 2451 digna
1054 2408 1223 2443 famulitia.
