1655 2637
676 74 840 109 —201
893 94 937 99 ——

837 170 896 205 8b.
920 171 1040 204 Paulus
1066 172 1171 204 elevat

920 218 1032 251 mortis
1059 219 1151 252 clade
1176 228 1327 261 suprema

920 269 1047 306 patrem
1071 267 1190 309 Publii,

919 314 995 347 hine
1017 315 1107 347 vitae
1132 315 1213 348 dans

920 364 1096 406 commoda,

919 413 993 450 post
1020 414 1117 451 caput
1140 412 1314 443 machaera

919 466 1030 491 caesus
1056 467 1161 492 saeva.

920 515 988 555 Quo
1013 523 1072 548 rex
1097 516 1129 547 in
1155 516 1233 548 aula
1259 515 1353 548 rutila

917 563 952 595 in
976 563 1121 595 trinitate
1145 563 1239 596 unica

918 612 1032 652 regnat
1055 619 1116 651 per
1134 612 1242 644 saecla

702 678 757 711 10.
786 678 908 711 Omnia.

216 758 241 785 B
268 757 320 785 fol.
341 755 399 786 245
411 766 437 786 a.
458 773 497 777 —
517 757 571 786 Cb.
594 758 645 785 fol,
666 756 703 787 59
715 766 741 785 a.
762 772 802 777 —
821 758 849 786 D
870 758 921 785 fol.
946 755 1001 785 122
1012 766 1038 785 a.
1058 771 1098 776 ——
1116 757 1144 785 E
1164 757 1215 785 fol.
1230 754 1287 786 323
1298 765 1324 784 a.
1345 770 1383 776 —-
1405 753 1431 789 1,
1454 753 1469 784 1

138 794 225 823 Alme
252 805 303 823 rex
332 798 381 832 pie
401 796 466 825 DE.
488 812 527 816 —
547 795 606 829 2a,
631 796 645 824 1
669 797 767 832 Quota
788 797 821 825 B.
843 812 881 817 -—
901 795 957 829 21),
980 793 998 822 2
1021 796 1151 824 colentes
1172 796 1209 824 D.
1230 810 1270 815 ———
1289 793 1343 831 3a,
1370 793 1384 822 1
1406 795 1470 822 vio,—

138 835 218 862 toria
237 835 275 863 D.
296 850 332 855 -
354 833 417 869 31),
442 834 455 862 1
480 836 634 863 consorcia
654 836 691 863 D.
712 849 751 855 —
770 834 833 869 5a,
856 832 873 863 3
895 834 1028 870 aperitur
1046 834 1084 862 D.
1105 849 1144 854 --
1164 833 1221 869 51),
1245 832 1260 861 1
1281 833 1357 862 Visa
1375 834 1409 861 Β,
1433 847 1471 853 —-

138 871 195 908 610,
219 870 234 900 1
258 875 379 909 spernat
398 874 440 908 D;
462 882 580 910 spi-ema
602 873 654 902 Cb.
676 888 713 893 —-
733 871 790 909 91),
813 872 827 900 1
851 872 955 901 rutilat
973 872 1012 900 D.

137 165 196 202 Sa.
222 168 341 201 Petrus
367 170 501 202 suscitat

222 215 397 250 Thabitam
422 217 496 249 luce
518 216 673 259 functam,

221 265 366 297 Aeneam
392 274 519 307 quoque
541 270 644 306 sanat,

225 321 340 354 gerens
365 314 459 355 signa

222 361 375 401 plurima,

225 409 327 442 donec
354 418 448 441 cruce
473 419 568 442 versa

222 458 352 490 scandit
378 457 473 492 celsa.

140 514 198 547 9a.
225 514 386 547 Primates
412 514 466 547 hio
491 515 642 548 eoelestia
835 514 893 549 91).

221 563 351 603 agmina
373 562 436 595 sibi
463 563 628 595 commissu

224 610 344 643 ducant
367 611 410 643 ad
435 619 544 652 regna,

549 998 612 1031 183.
653 1000 695 1031 De
716 1008 756 1031 ss.
777 999 872 1031 Petro
894 999 925 1030 et
945 998 1055 1029 Paulo.

140 1080 197 1115 la..
221 1079 335 1112 Laude
356 1080 501 1120 J'ueunda

136 1195 194 1226 2a.

136 1357 193 1390 Sa.

137 1522 196 1553 4¹12.

137 1733 196 1765 Sa.

138 1945 196 1978 Ga.

135 2109 193 2142 7a.

133 2324 190 2357 Sa.

220 1127 331 1166 melos,
358 1130 475 1168 turma,
501 1137 640 1168 persona

220 1192 426 1234 Concrepans
450 1195 563 1227 inolita

220 1240 391 1275 harmonia
414 1251 492 1276 vera

218 1289 320 1321 saecli
342 1290 474 1331 lumina,

220 1356 368 1390 Vei-nant
392 1356 492 1390 fortia

217 1404 286 1445 jam
311 1414 447 1446 quorum
471 1406 609 1447 trophea

218 1452 253 1485 iu
279 1453 362 1486 coeli
385 1453 485 1495 regia.

223 1519 308 1552 Nam
332 1521 418 1553 alter
443 1522 546 1554 crucis
572 1521 733 1562 supplicia

220 1568 436 1610 triumphans,
463 1570 546 1602 alter
570 1570 656 1602 ensis

217 1615 340 1660 jugula,

219 1666 356 1704 uterque
379 1665 461 1697 nitet
487 1666 608 1700 laurea.

221 1730 318 1766 Hinc,
346 1730 442 1764 beate
467 1731 573 1775 Patre,

220 1779 275 1820 qui
299 1780 440 1813 maxima

221 1835 347 1860 reseras
374 1828 484 1860 clausa

219 1876 319 1909 verbo
342 1876 423 1909 coeli
448 1876 570 1917 limina,

223 1942 333 1988 Sacra,
362 1944 474 1983 Paule,

217 1993 329 2033 ingere
355 1993 506 2034 dogmata

218 2041 396 2074 inlustrans
422 2041 529 2082 plebis
553 2043 698 2083 pectora,

220 2107 335 2141 Dulcis
361 2119 424 2150 qua
449 2109 587 2143 resultat

217 2157 340 2191 musica

220 2206 375 2240 virtutum
400 2204 519 2239 fidibus

218 2256 316 2296 atque
340 2254 433 2288 melis
461 2255 626 2289 concinna.

220 2324 377 2358 Constans
403 2323 523 2356 virtute

219 2374 252 2405 et
272 2373 411 2414 justitia,

833 1078 892 1112 lb.

832 1194 892 1226 21).

833 1356 891 1389 31).

831 1519 891 1552 ab.

831 1729 890 1763 510.

832 1942 892 1977 6b.

833 2107 892 2141 712.

833 2322 893 2358 81).

913 1077 1063 1120 :fugando
1090 1076 1191 1110 verba

916 1126 1108 1167 symphonia
1133 1124 1323 1165 rhythmica.

914 1192 1003 1226 Luce
1028 1193 1082 1233 qui
1106 1201 1206 1225 aurea

914 1241 1122 1274 illustrarunt
1146 1248 1247 1282 regna.

914 1289 1029 1322 mundi
1052 1289 1168 1322 omnia.

915 1355 1055 1395 Quorum
1081 1354 1199 1387 merita

915 1404 1098 1437 dissolvunt,
1123 1402 1258 1435 erimina

913 1452 974 1484 hac
1000 1452 1053 1484 die
1078 1450 1215 1492 fulgida.

912 1519 1015 1559 Super
1040 1518 1192 1551 sublimia.
1215 1516 1326 1550 sidera

914 1568 1056 1609 insignes
1080 1566 1218 1599 victoria

915 1615 1036 1647 coelica

913 1662 1053 1704 praelati
1074 1665 1148 1694 sunt
1173 1662 1207 1694 in
1234 1661 1332 1694 curia.

912 1729 1008 1762 Sume
1033 1729 1105 1770 pius
1130 1731 1207 1762 vota

914 1777 1025 1810 fidelia

914 1826 1041 1867 peccati
1067 1828 1183 1857 cuncta

915 1873 1107 1907 resolvendo
1134 1873 1275 1907 vincula.

914 1942 959 1975 Et
982 1950 1146 1983 quousque

917 1991 973 2023 det
996 1989 1085 2024 Deus
1110 1988 1268 2031 perfecta,

914 2040 1002 2072 ultra
1026 2038 1077 2071 fer
1101 2041 1208 2071 mente
1233 2038 1351 2073 sidera.

917 2107 955 2140 In
981 2116 1045 2148 qua
1069 2106 1263 2147 symphonia

913 2155 1078 2195 miscetur,

915 2208 964 2237 est
987 2204 1046 2238 illa
1066 2212 1148 2245 quae
1170 2212 1249 2236 vera

919 2253 1121 2286 diatessaron
1146 2254 1263 2294 prima,

916 2320 1147 2362 Temperantia

918 2375 950 2403 et
974 2369 1157 2412 prudentia.
