1655 2637
704 141 967 177 -102—

171 236 227 271 9a,
253 235 271 266 3
296 237 443 275 lor-giente
469 247 596 275 pneuma
617 239 676 267 alle
695 239 766 268 Hss.
795 246 897 267 ausser
917 237 957 271 ἃς
986 243 1115 274 pneuma
1134 235 1295 272 kon-igiert
1314 236 1346 262 in
1366 235 1508 272 praemia

170 277 214 312 E?
238 276 285 304 die
307 277 388 305 Zesse
407 277 481 304 fehlt
494 278 527 306 O.
548 293 586 298 —-
607 276 657 312 91),
683 276 701 306 3
724 277 799 305 fehlt
818 277 857 305 O-
879 276 980 304 saecla
997 275 1113 309 D——Q
1135 291 1173 294 —
1190 272 1243 307 91),
1267 271 1284 301 5
1300 273 1444 302 decorans
1468 273 1503 302 Gr.

172 331 210 335 —
231 313 267 343 10
276 323 307 351 a,
337 313 355 344 3
372 313 470 353 jubila
489 316 558 351 DO3
580 316 693 352 jubilat
712 316 747 345 L.
768 331 806 335 -—
828 299 906 350 1612,
933 312 951 342 3
971 322 1028 342 nec
1046 321 1107 341 non
1127 313 1161 341 G.
1182 329 1220 333 —
1242 310 1312 345 lob,
1333 310 1352 340 3
1372 312 1428 340 mit
1447 320 1504 339 nec

171 363 209 382 ne
229 353 367 382 schliesst
388 352 430 381 Ca
449 354 511 382 und.
529 354 609 383 fzihrt
629 354 671 383 Cb
694 356 714 383 l.
736 363 760 381 c.
780 354 847 382 fort.
874 368 913 373 -
939 350 1009 389 111),
1037 350 1056 381 3
1077 356 1184 379 cuneta
1205 351 1235 379 et
1253 352 1391 378 natantia
1409 350 1503 377 DLP.

671 477 718 509 88.
749 475 785 507 In
804 475 997 507 Pentecoste.

656 565 688 599 1.
715 564 821 598 Adest,
844 566 957 597 sancta

718 613 787 644 dies
813 621 851 645 ac
875 612 1055 653 praeclara.

197 681 254 713 2a.
280 680 442 712 Relaxans
470 680 579 712 debita
891 678 949 711 21).
974 678 1063 710 Dans
1089 677 1250 718 spiritalia

280 728 366 759 omni
390 728 509 760 mundo
535 729 657 769 cuncta,
972 735 1011 758 ac
1037 726 1121 758 dona
1143 724 1290 766 mystica.

198 786 253 818 δα.
282 784 418 817 Sacrans
443 793 502 816 sua
890 782 950 816 31).
973 783 1024 815 Ac
1048 783 1167 824 gaudia

280 832 433 865 roborata
457 832 585 873 agmina
972 831 1117 862 tribuens
1144 830 1305 863 coelestia.

196 892 253 923 4a.
281 889 365 921 Nam
387 889 475 921 Deus
500 890 583 930 ipsa,
888 886 950 920 4b.
974 887 1199 926 Triumphalia

279 946 343 977 qua
366 945 460 969 sacra
971 936 1143 975 reportans

283 985 470 1017 conscendit
495 985 622 1016 evectus
974 982 1017 1015 ad
1042 982 1148 1014 coelos
1172 981 1302 1022 vexilla,

280 1032 357 1064 inde
381 1032 423 1065 ad
448 1032 514 1064 alta
973 1031 1081 1071 ampla
1104 1029 1272 1070 trophaea,

197 1092 253 1123 5a.
280 1089 434 1122 Promisit
457 1089 523 1120 suis
549 1087 752 1120 charismata.
890 1087 949 1121 5b.
971 1087 1075 1120 Facta
1099 1087 1237 1119 omnium
1265 1087 1409 1119 scientia.

282 1137 422 1177 Spiritus
446 1137 547 1168 almus
974 1135 1082 1168 Noxia
1107 1142 1250 1175 quaeque

277 1185 418 1217 invisere
444 1184 593 1225 dignetur
975 1184 1086 1223 pellat,
1112 1181 1284 1223 profutura

280 1233 378 1265 corda
402 1234 521 1276 nostra⁷
975 1230 1139 1264 concedat.

280 1279 471 1320 Apostolica
973 1279 1122 1318 Namque
1144 1278 1252 1310 omnia

280 1328 334 1368 qui
358 1327 498 1367 replevit
523 1326 622 1359 corda
648 1327 775 1359 devota.
974 1327 1156 1367 linguarum
1181 1326 1341 1359 concessit
1359 1334 1505 1358 munera.

197 1387 254 1420 6a.
281 1385 422 1426 Fulgens
454 1385 574 1425 gaudet
597 1383 669 1423 ipsa
892 1382 952 1416 6b.
976 1385 1007 1416 A
1033 1383 1160 1416 Christo
1187 1383 1291 1415 electa

279 1441 433 1473 praesens
460 1433 562 1464 omnis
589 1434 719 1464 caterva
974 1431 1192 1471 apostolorum
1217 1433 1339 1463 sancta.

197 1494 254 1525 7a.
280 1491 370 1523 Inter
396 1498 474 1529 quos
498 1489 661 1522 Martialis
686 1487 799 1530 fulget,
893 1488 951 1522 71).
978 1489 1155 1529 Apostolus
1179 1489 1253 1530 ipsa
1275 1490 1424 1529 possidet

277 1538 466 1578 praeclarus
493 1538 628 1577 collega.
973 1537 1031 1569 ille
1057 1536 1261 1577 charismata,

194 1599 250 1631 8a.
277 1597 308 1628 A
330 1595 473 1636 puerit-ia
891 1594 952 1628 8b.
979 1594 1057 1627 Cum
1081 1594 1179 1626 Petro
1205 1594 1363 1627 Judaeam

279 1644 423 1684 repletus
974 1643 1142 1675 revincens

282 1690 404 1725 Christi
429 1699 522 1723 sacra
549 1690 706 1733 doctrina,
976 1691 1016 1723 de
1043 1690 1170 1723 Christo
1194 1690 1404 1724 incredulam.

195 1752 253 1784 9a.
281 1749 380 1789 Cujus
404 1757 463 1780 nos
488 1747 594 1789 gratia
892 1747 951 1781 9b.
974 1748 1020 1780 Et
1043 1756 1103 1789 per
1129 1756 1201 1780 eum
1225 1757 1289 1780 una

275 1797 461 1829 Mereamur
489 1796 573 1829 doxa
977 1796 1106 1829 Coelica
1130 1797 1249 1837 gaudia

276 1845 435 1886 largiente
458 1844 613 1884 praemia.
975 1843 1120 1877 fruamur
1144 1853 1205 1885 per
1233 1845 1363 1877 saecula

279 1893 338 1932 Qui
364 1892 469 1925 solvat
975 1892 1161 1926 Gaudentes

278 1943 461 1973 nostrorum
485 1942 601 1974 cuncta
623 1941 768 1973 crimina.
973 1941 1133 1974 hodierna
1158 1941 1211 1974 die
1237 1938 1331 1973 festa.

172 1998 252 2031 lOa.
278 1998 376 2030 Unde
400 2007 541 2037 superna
564 1999 696 2031 numina
868 1999 911 2033 10
920 1998 952 2033 b.
975 1999 1079 2032 Beata
1101 2008 1162 2039 per
1189 2002 1304 2032 cuncta
1328 1999 1436 2032 saecla

278 2046 463 2086 angelorum
488 2047 711 2078 conlaetantur
975 2050 1008 2079 et
1033 2050 1148 2080 cuncta
1173 2047 1385 2080 contubernia

278 2095 374 2132 atque
398 2093 631 2133 archangelica,
972 2095 1152 2127 trinitatem
1182 2095 1388 2129 conlaudant.

172 2150 214 2183 11
226 2158 254 2182 a.
282 2149 412 2190 Nosque
431 2158 490 2189 per
506 2150 587 2182 haec
599 2159 704 2183 annua
722 2149 807 2182 festa
867 2151 950 2186 111).
971 2152 1175 2194 Plaudatque
1198 2154 1300 2186 omnis
1328 2156 1481 2186 creatura.

275 2196 449 2236 jubilemus
973 2209 1033 2240 per
1058 2200 1223 2234 Christum
1245 2202 1314 2241 jam

278 2244 348 2276 Deo
373 2245 407 2276 in
431 2247 528 2277 terra.
973 2257 1058 2281 nova
1083 2248 1206 2290 effecta,

658 2312 712 2344 12.
740 2312 800 2345 Cui
825 2312 930 2354 gloria

739 2368 800 2399 per
825 2361 943 2395 saecla.

246 2435 278 2462 H
297 2435 348 2462 fol.
370 2434 422 2463 61).
442 2450 481 2455 —
505 2434 557 2471 71),
580 2433 595 2462 1
617 2435 685 2471 ipsa
704 2434 757 2464 ille
776 2436 918 2472 possidet.
938 2451 977 2456 —
995 2437 1128 2466 Melodie
1148 2438 1280 2467 dieselbe
1304 2442 1361 2469 wie
1382 2443 1434 2471 Nr.
1457 2441 1507 2471 87.
