1655 2637
145 449 205 484 2a.

144 701 199 733 Sa.

142 855 198 887 4a.

145 962 202 996 5a.

141 1213 196 1245 6a.

141 1368 198 1401 7a.

139 1571 195 1603 8a.

138 1677 194 1712 9a.

112 1979 193 2013 lOa.

109 2134 151 2168 11
161 2144 190 2170 a.

108 2292 187 2325 12a.

660 84 922 121 —187—

568 220 630 252 169.
667 221 711 253 De
732 223 839 255 saneto
860 222 1014 255 Martiali.

563 302 594 334 1.
621 302 854 342 Apostolorum

622 349 796 391 gloloriosa
818 351 917 384 turba

621 397 689 430 Deo
717 398 853 439 clangit:
880 400 1033 440 Alleluja.

231 449 301 482 Nos
326 459 455 493 quoque
478 463 600 495 organa

228 506 415 532 resonemus
441 500 528 535 laeta

228 554 308 579 voce
334 555 475 581 consona

227 594 326 628 laude
353 604 424 629 cum
450 598 597 638 angelica

230 642 343 675 dantes
370 647 554 684 praeconia.

228 699 303 733 Tibi
328 711 475 744 namque,
504 703 687 746 verbigena,

227 749 270 780 sit
295 750 376 790 laus,

228 796 341 839 honor,
367 807 487 839 perpes
513 800 626 842 gloria.

224 854 394 888 Hebraeus
419 856 571 891 Hebraea

227 903 330 944 stirpe
356 905 469 946 electa,

230 960 328 1001 Cujus
363 971 423 1003 per
448 972 543 997 saera
567 964 648 997 haec
672 964 757 999 festa

227 1009 284 1049 Te,
312 1009 441 1043 Christe
466 1021 534 1053 rex,
561 1012 695 1046 laudent

225 1066 354 1098 agmma

226 1105 313 1139 laeta
338 1106 400 1138 hac
425 1111 537 1141 saneta
561 1109 645 1148 aula,

223 1154 291 1194 Quo
318 1158 351 1186 te
375 1155 468 1188 novit
484 1165 561 1197 gens
578 1157 752 1198 Aquitana.

225 1212 303 1253 Ipsa
327 1222 347 1245 a
372 1216 405 1245 te
430 1222 525 1247 saera

222 1264 255 1292 et
280 1261 423 1295 lucentia

223 1313 299 1341 sunt
321 1310 442 1343 lumina
468 1311 580 1344 electa.

224 1367 309 1407 Quos
334 1368 420 1400 inter

222 1415 387 1449 Martialis
412 1417 534 1449 reluxit

221 1464 357 1505 propria
382 1465 488 1506 gratia

220 1512 255 1544 in
280 1522 360 1546 arva
383 1514 500 1546 missus
526 1513 661 1555 Jndaea,

220 1570 266 1604 Et
291 1572 462 1604 annuntiet

223 1618 287 1652 Dei
312 1628 413 1660 opera
435 1622 532 1660 atque
557 1621 658 1654 verba

220 1677 285 1710 Per
309 1679 383 1719 ipsa
408 1681 556 1719 tempora

221 1726 260 1759 In
287 1735 384 1759 carne
409 1736 572 1767 apparens

222 1773 254 1807 in
282 1774 418 1815 Judaea,

223 1831 292 1865 rex,
320 1824 521 1865 praedicasti

220 1872 294 1912 ipsa
315 1872 502 1913 praesentia
528 1874 585 1904 tua

219 1920 343 1962 Magna
366 1920 515 1961 pandens
539 1919 701 1962 prodigia.

221 1978 314 2012 Tunc
335 1978 525 2012 Martialem

217 2027 399 2069 provexisti

217 2076 260 2109 ad
286 2076 413 2110 altiora.

217 2135 278 2170 Cui
305 2135 426 2168 dedisti
457 2134 562 2167 saneti

216 2184 351 2224 spiritus
378 2184 464 2217 dona

216 2231 439 2266 insufflatione
463 2235 528 2265 tua.

216 2290 337 2324 Factus
364 2291 419 2332 qui
447 2290 571 2324 carnali

214 2338 324 2373 affinis
346 2340 397 2373 illi

214 2389 387 2430 parentela
416 2389 572 2431 legitima,

844 456 904 490 2b.

840 706 898 739 31).

838 859 900 894 412.

840 964 899 998 5b.

839 1214 900 1249 6b.

841 1368 897 1402 7b.

838 1571 897 1607 eb.

836 1678 899 1712 9b.

812 1978 894 2013 101).

811 2134 896 2169 111).

810 2290 892 2325 121).

925 457 1090 491 Martialis
1113 458 1238 490 instant

927 506 1002 546 quia
1027 505 1167 547 apostoli

925 562 1012 585 nuno
1035 553 1202 592 solemnia,

925 601 1012 633 unde
1037 605 1135 634 ovant
1158 600 1269 634 infima

925 648 1083 690 simulque
1108 658 1269 690 suprema,

925 706 982 739 Cui
1007 707 1131 747 placuit
1155 706 1317 740 Martialis

925 754 1012 787 clara

922 802 1110 843 virginitate
1134 812 1201 837 sua.

922 860 1074 893 Proditus
1102 869 1142 893 ex
1166 861 1254 893 tribu

922 908 1141 948 Benjaminea.

923 966 1020 1004 Cujus
1045 969 1082 997 tu
1105 975 1138 997 es
1164 966 1263 1006 salus,
1288 967 1368 1006 vita⁷

922 1013 1074 1054 Regnans
1099 1014 1298 1053 sempiterna

921 1061 1033 1104 gloria,

922 1109 1068 1149 potentia
1094 1118 1164 1141 cum
1190 1118 1322 1150 summa,

923 1157 972 1189 Tu
999 1157 1139 1198 dignitas
1164 1157 1351 1198 apostolica.

923 1214 1084 1247 Numerus
1110 1223 1191 1255 quae
1216 1216 1321 1256 signat

921 1262 1053 1295 bissena
1077 1265 1173 1303 atque

924 1311 986 1343 cluo
1013 1312 1225 1352 septuaginta.

920 1369 967 1402 Ut
992 1377 1092 1409 agnus

924 1425 1037 1458 pacem
1064 1416 1211 1450 conferat
1234 1417 1328 1458 lupos

919 1466 1006 1497 inter
1032 1468 1063 1497 et
1090 1465 1282 1506 comprimat

926 1516 1041 1546 cuncta
1065 1513 1225 1546 bellorum
1250 1513 1382 1547 semina.

922 1572 1092 1606 Goelorum
1118 1581 1219 1614 regna

920 1630 959 1653 ac
983 1620 1150 1660 praedicet
1174 1620 1437 1661 propinquantia.

923 1678 1032 1711 Morte
1057 1678 1256 1719 triumphata

920 1726 1016 1760 Clara
1041 1726 1178 1759 victoria

915 1776 984 1815 jam
1011 1775 1172 1814 completa

918 1822 1105 1856 laetificasti

920 1872 1152 1912 discipulorum
1177 1874 1212 1903 tu
1238 1872 1348 1912 corda,

917 1921 1006 1961 Quae
1031 1923 1125 1952 erant
1148 1920 1259 1953 dolore
1283 1921 1391 1961 plena.

918 1979 1009 2012 Dans
1035 1978 1222 2011 remittendi

916 2027 1042 2060 retinen
1048 2027 1081 2059 di

918 2084 1015 2117 posse
1039 2078 1183 2116 peccata.

918 2135 1018 2175 Quem
1041 2134 1267 2174 baptizaverat

918 2184 995 2216 olim
1016 2183 1153 2224 propria

921 2232 1038 2265 Petrus
1061 2232 1207 2272 jussione
1231 2233 1298 2265 tua.

915 2290 954 2323 In
980 2299 1038 2323 sua
1058 2290 1181 2331 jugiter

919 2339 1160 2380 condiscipulus

916 2388 984 2428 ejus
1010 2387 1128 2421 mansit
1152 2387 1312 2420 clientela.
