1655 2637
690 87 952 123 *265*

150 179 206 213 43.
235 177 396 212 Voluntas
421 191 484 214 una
510 185 617 215 manet
848 185 910 218 412.
932 186 1117 219 Personalis
1143 189 1259 220 natura

232 225 360 267 fulgida
931 237 980 265 est
1005 235 1122 274 simpla

232 277 366 308 aeterna
390 285 451 316 per
475 280 616 312 saecula.
931 290 969 314 at:
993 282 1123 315 illorum
1148 283 1251 326 gloria

149 332 205 366 53..
232 331 279 366 Ut
304 341 375 365 cum
401 334 468 367 sint
491 335 609 376 ubique
846 338 905 373 5b.
928 338 1000 371 Hoc
1026 339 1108 371 coeli
1134 349 1258 380 quoque
1283 350 1340 374 nos

230 380 393 414 nobismet
929 387 1079 420 admonet

228 428 376 462 tribuunt
399 431 543 471 undique
925 435 993 467 alta
1017 437 1212 476 protendere

229 477 375 518 gloriam,
930 483 1079 517 eulmina.

148 534 204 567 6a.
229 535 469 575 Prophetarum
492 537 663 576 praedicta
844 539 902 571 61).
928 539 1016 579 Quae
1043 540 1132 573 ducit
1160 541 1203 574 ad
1228 546 1359 575 aeterna

231 583 377 623 quotidie
401 593 466 616 non
493 588 620 618 cessant
925 596 985 628 per
1010 588 1191 628 priscorum
1215 594 1345 629 patrum

229 631 358 671 aperire
382 632 486 673 nobis,
928 636 1159 670 memorabilia.

146 688 165 721 ’7
174 697 202 720 a.
229 687 319 721 Mira
345 689 476 730 quidem
845 691 902 725 7b.
926 693 1034 733 Atque
1060 699 1158 735 agunt

228 739 376 777 gerentes
402 737 477 769 hinc
500 737 578 770 inde
928 741 1069 773 exterius
1100 745 1194 782 pater

229 793 330 825 opera
355 785 398 818 ad
423 788 608 818 sanctorum
926 789 1013 821 solus
1039 790 1073 822 in
1098 790 1173 827 alta,
1201 794 1293 823 natus

229 833 383 874 stigmata
407 833 545 873 pulchra
925 837 1058 877 pariter,
1083 847 1147 870 una

226 881 358 922 quidam
383 881 528 915 homines
926 888 1055 917 sanctus
1076 886 1209 925 spiritus

227 938 338 971 opera,
925 933 1007 964 haee
1029 934 1132 973 signa.

147 986 203 1021 8a.
231 987 292 1021 Cui
316 996 412 1020 voces
844 988 901 1024 8b.
927 989 995 1030 Ipsi
1023 990 1119 1022 decus

230 1038 262 1067 et
288 1037 401 1078 corda,
422 1035 493 1068 iaus
925 1045 963 1069 ae
989 1040 1133 1077 potestas

225 1084 341 1116 intima
927 1085 998 1117 sola
1022 1086 1065 1119 sit

224 1140 289 1164 una
314 1132 356 1164 sit
381 1131 499 1164 devota
522 1132 742 1172 praemodiea.
923 1133 957 1165 in
980 1134 1112 1165 aethera
1128 1143 1187 1174 per
1206 1137 1319 1166 cuncta
1337 1134 1476 1168 saecula.

218 1208 243 1236 B
263 1208 318 1237 fol.
340 1206 399 1237 204
420 1216 446 1235 a.
468 1223 508 1228 ——
527 1206 586 1242 2a,
610 1205 627 1234 2
651 1210 702 1243 qui
721 1207 883 1244 praesides.
904 1223 943 1228 —
963 1206 1020 1241 Sa,
1043 1208 1061 1237 2
1082 1218 1116 1237 co
1100 1210 1218 1238 ormena
1240 1226 1279 1230 —
1298 1207 1356 1244 321,
1379 1209 1397 1239 3
1418 1219 1478 1238 mo-

142 1246 286 1275 dulanter.
314 1262 352 1266 —
380 1244 484 1280 311,1
507 1247 582 1274 Pais
611 1249 664 1274 est.
686 1261 724 1267 —-
743 1244 805 1281 3b,
835 1244 852 1273 2
879 1255 979 1284 mages
983 1248 1047 1275 hae.
1068 1263 1106 1267 —
1127 1248 1185 1279 41,
1212 1246 1231 1275 2
1252 1252 1282 1277 et
1301 1250 1410 1285 simpla
1440 1264 1479 1268 —

141 1283 193 1320 41),
215 1284 233 1313 3
246 1286 305 1313 hoo
318 1285 448 1314 1110111111.
462 1301 501 1306 -
517 1284 570 1318 53,
586 1284 606 1313 4
618 1285 724 1321 3-10113
737 1301 778 1305 -
792 1269 877 1320 511,1
894 1285 918 1313 O
933 1286 1035 1314 coeli-
1023 1304 1041 1308 -
1076 1295 1110 1315 oe
1128 1287 1228 1316 coeli-
1258 1288 1329 1315 hoe
1343 1288 1427 1315 caeli.
1441 1304 1479 1308 —

142 1322 198 1357 611,
225 1322 244 1353 3
269 1324 478 1352 memmabilia
504 1333 606 1360 exemp
609 1323 653 1357 la,
681 1325 818 1352 letztffles
844 1324 1027 1362 iiberz'ahlig.
1048 1340 1086 1345 -
1107 1325 1165 1356 711
1195 1325 1209 1353 1
1232 1326 1279 1354 He
1300 1327 1379 1362 agite
1400 1325 1479 1354 dete-

141 1362 218 1390 1ius!
239 1378 280 1383 ——
298 1361 357 1397 711,
379 1361 397 1390 5
418 1365 448 1390 et
467 1363 600 1398 spiritus.
621 1378 660 1382 —
681 1362 739 1397 711,
763 1361 780 1390 6
802 1364 934 1400 excigna.
958 1378 993 1381 —
1000 1349 1064 1394 ⁰<8a
1088 1362 1103 1391 1
1127 1365 1185 1399 Qui
1205 1373 1304 1392 voces.
1324 1379 1363 1383 —
1384 1367 1437 1394 “,.1..
1462 1364 1476 1392 1

140 1402 210 1436 Ipse
230 1402 328 1430 decus.
349 1416 388 1422 —-
407 1402 466 1430 Die
480 1402 616 1437 Sequenz
635 1401 731 1430 bietet
751 1401 817 1429 dem
831 1401 1023 1430 Veistandnh
1030 1411 1063 1430 se
1082 1403 1288 1438 mannigfaehe
1305 1402 1375 1430 Sch
1364 1402 1428 1431 wie
1428 1404 1479 1430 ie·-

141 1439 213 1475 keit,
234 1440 282 1468 (h'e
302 1440 381 1468 wohl
402 1449 459 1468 nur
482 1449 551 1468 zum
569 1440 637 1469 Teil
657 1441 712 1468 auf
728 1440 893 1475 Rechnung
913 1440 963 1469 des
985 1440 1155 1469 Schieibers
1177 1441 1325 1470 kommen.

588 1553 657 1585 248.
692 1553 791 1585 Prosa
812 1552 1027 1585 Dominicalis.

607 1625 638 1659 1.
667 1626 741 1659 Jam
769 1625 931 1665 deprome,

664 1674 835 1705 universus
860 1673 1009 1706 mundus.

667 1719 855 1754 dulcifluum
881 1721 1026 1761 Alleluja

139 1799 197 1831 23..
221 1798 267 1830 Et
294 1800 426 1831 concine
837 1798 900 1832 21).
928 1798 1009 1839 Regi
1035 1807 1146 1839 regum

219 1847 353 1887 placida
377 1848 513 1881 odarum
923 1847 1156 1888 cunctipotenti
1180 1856 1240 1889 per

222 1896 349 1928 cantica
920 1896 1060 1937 saecula,

138 1976 193 2008 3a.
219 1974 299 2007 Jesu
325 1974 466 2017 Christo,
837 1972 897 2006 3b,
921 1972 978 2006 Cui
1004 1981 1134 2013 semper

221 2031 316 2064 quem
345 2023 483 2056 adorant
921 2024 1051 2054 maneat
1077 2030 1147 2053 oum

221 2073 337 2104 cuncta
363 2071 525 2111 coelestia,
921 2070 1055 2111 proprio
1081 2071 1226 2111 genitore

612 2148 644 2180 4.
671 2148 716 2180 Et
741 2147 902 2188 parao1ito

676 2199 835 2236 perpetua

674 2245 762 2277 salus
788 2249 885 2286 atque
909 2246 989 2278 laus.

210 2323 243 2351 M
268 2322 318 2351 fol.
342 2320 397 2351 199
420 2330 445 2350 3.
471 2337 512 2342 —-
535 2321 598 2349 Ans
625 2320 676 2349 der
702 2321 834 2350 Melodie
860 2321 901 2349 ist
929 2323 977 2350 ein
1005 2321 1232 2349 Parallelismus
1258 2320 1343 2349 nicht
1367 2330 1405 2348 zu
1430 2329 1475 2348 er-

131 2362 260 2390 kennen.
301 2362 351 2390 Da
380 2361 445 2390 sich
471 2362 543 2389 aber
567 2362 616 2388 ein
646 2360 764 2388 sole-her
782 2359 850 2394 (wie
870 2360 1060 2393 voistehend)
1079 2361 1134 2388 wie
1155 2370 1234 2410 vona
1235 2360 1328 2388 selbst
1352 2359 1474 2396 eigiebt,

136 2410 169 2429 so
192 2401 288 2430 bleibt
306 2401 354 2430 die
374 2400 471 2430 sache
492 2399 680 2428 zweifelhaft.
721 2400 802 2428 Titel
824 2399 877 2437 „In
897 2401 926 2427 te
947 2399 1077 2428 Domine
1098 2408 1175 2436 spel
1167 2396 1234 2427 avi
