1655 2637
219 298 266 330 la

216 404 272 435 2a.

219 603 273 635 3a.

219 709 277 740 422.

221 815 277 845 5a.

223 1013 278 1045 Ga.

225 1118 281 1149 va.

224 1222 283 1254 8a.

227 1374 282 1406 9a.

205 1525 285 1558 loa.

207 1631 286 1663 lla.

207 1831 252 1865 12
260 1839 288 1864 a.

208 1937 287 1970 13a.

210 2136 291 2170 14a.

211 2339 289 2373 15a.

712 96 976 131 —266—

635 220 704 252 249.
741 219 839 251 Prusa
858 215 1071 249 Dominicalis.

269 324 276 329 .
305 295 453 328 Gaudeat
479 293 575 326 tellus

306 343 508 383 exsultetque
532 341 681 379 mundus,

301 400 452 433 Gaudeat
476 408 571 431 sexus

298 452 433 488 uterque
454 448 553 479 maris

302 495 459 528 femineus
489 495 583 527 simul

300 544 433 584 pariter,

300 600 387 633 Ecce
412 600 462 631 vir
487 598 581 632 fortis

301 646 417 680 fortem
441 656 579 688 namque
606 647 734 685 devicit,

302 705 439 745 Ejulant*
461 704 550 736 fures

302 755 455 786 mirantes
480 753 570 792 talia,

303 810 417 843 Mutuo
442 810 660 850 inquirentes:
688 810 759 851 quis

306 862 354 890 est
379 858 440 891 iste
465 861 531 889 tam
557 857 661 900 fortis,

304 909 370 938 tam
394 908 544 945 potenter

306 957 421 986 'iuncta
444 952 627 994 peragens?

303 1013 464 1044 Aeternus
488 1010 550 1043 iste

304 1061 420 1099 potens
446 1061 496 1090 est
518 1058 682 1092 mirificus.

307 1115 471 1157 Migrante
494 1123 532 1147 eo

306 1167 396 1195 terra
417 1164 549 1195 tremuit

310 1219 424 1253 Coelos
449 1220 570 1252 invasit

309 1267 434 1308 horror,
461 1268 538 1300 luna
562 1267 735 1308 sanguineo

311 1317 417 1348 colore
442 1313 567 1348 fuscata
592 1319 650 1348 est.

310 1372 482 1413 Angelicus

312 1424 420 1451 coetus
445 1419 618 1452 resonabat

308 1468 428 1508 Jugiter
453 1467 488 1499 in
508 1476 603 1501 aera:

312 1525 380 1558 Iste
404 1525 568 1564 speciosus

310 1573 344 1604 in
368 1573 451 1604 stola
475 1581 534 1604 sua
562 1573 739 1613 gradiens?

314 1629 410 1662 Suam
436 1638 542 1662 secum

312 1680 457 1717 reportat
480 1678 650 1719 imaginem

313 1725 429 1766 priscis
455 1728 532 1758 tunc
556 1726 687 1767 perdita

312 1774 505 1814 protoplasti
530 1772 684 1806 facinora¹

315 1830 494 1871 Pollicitus,
521 1831 605 1871 quod

316 1877 369 1910 die
390 1878 488 1911 tertia
512 1882 668 1919 surgeret,

315 1934 457 1977 Angelus
482 1935 525 1968 ad
551 1936 695 1976 lapidem

314 1984 480 2025 accedens,

314 2040 407 2071 quem
433 2031 550 2063 revolit

317 2082 349 2111 et
373 2080 459 2112 sedit
482 2088 579 2119 super
605 2088 686 2113 eum.

316 2135 509 2168 Mulieribus
536 2135 651 2168 affatur

319 2183 468 2224 augelus:
494 2184 596 2216 nolite

317 2240 541 2271 expavescere,
567 2231 679 2265 Jesum

316 2280 479 2321 quaeritis,
506 2281 655 2312 surrexit.

317 2337 399 2371 Illae
423 2345 590 2377 regressae
615 2338 728 2370 tristes

314 2387 490 2427 praecepta
508 2386 666 2426 nuntiant,

910 287 970 321 ib.

910 393 965 426 2b.

912 595 970 628 31).

911 700 969 734 41).

908 806 967 839 5b.

915 1008 975 1041 ob.

915 1112 974 1146 7b.

918 1217 976 1251 810.

917 1370 975 1403 9b.

895 1523 977 1557 10¹0.

895 1629 977 1663 111).

897 1830 982 1865 1210.

899 1936 983 1970 1310.

902 2137 983 2171 141).

901 2339 982 2373 15b.

993 286 1142 319 Gaudeat
1167 285 1273 326 polus,

993 334 1173 376 gratuletur
1198 335 1327 373 pontus,

990 391 1233 432 Triumphatori

992 439 1122 473 laudem
1145 438 1264 479 jubilet

995 488 1184 528 exselsaque
1207 494 1286 519 voce

995 536 1150 570 concinat,

990 593 1134 627 Moritur
1156 593 1237 634 ipse,

993 642 1107 674 mortis
1133 650 1234 682 regna
1259 639 1383 679 diripit.

992 699 1174 733 Auxiantes
1200 699 1242 730 <le

993 748 1056 780 Dei
1079 746 1236 787 potentia.

990 804 1112 837 Nostra
1135 804 1300 845 ingressus
1327 806 1384 841 est,
1414 804 1526 842 portas

996 862 1107 886 aereas
1134 850 1302 892 confregit,

997 903 1113 933 cuneta
1137 902 1250 933 nostra

998 949 1174 982 debellavit
1197 956 1286 980 vasa.

999 1006 1047 1040 Ut
1072 1006 1150 1046 quid
1175 1014 1211 1037 se
1235 1004 1328 1037 nobis

996 1054 1147 1087 latitabat
1171 1057 1239 1086 tam
1264 1049 1404 1092 potens?

997 1111 1043 1144 Et
1065 1112 1174 1143 velum
1199 1110 1314 1149 templi

997 1160 1138 1192 medium
1163 1158 1299 1190 scissum
1325 1160 1384 1190 est.

1000 1216 1167 1250 Phoebum
1192 1215 1336 1256 privavit

998 1264 1110 1304 radiiS,
1139 1263 1322 1296 exclamans
1348 1260 1420 1294 fore

994 1320 1058 1345 non
1083 1312 1146 1344 sibi
1172 1320 1245 1344 suas
1272 1311 1369 1343 vires,

998 1370 1073 1410 Quis
1101 1373 1150 1401 est
1172 1369 1245 1411 iste,

1001 1417 1055 1458 qui
1081 1416 1172 1449 venit
1198 1425 1236 1449 ex
1260 1416 1369 1449 Edoni

999 1466 1110 1498 tinctis
1133 1464 1278 1497 vestibus
1303 1464 1338 1496 in
1362 1463 1477 1503 Bosra,

1000 1523 1105 1563 Quare
1129 1522 1230 1554 rubra

1001 1579 1109 1603 secum
1135 1570 1326 1603 vestimenta
1351 1566 1484 1602 ferens?

1001 1626 1162 1661 Patefecit,

1003 1676 1149 1717 paradisi
1171 1677 1287 1716 januas

1005 1724 1166 1757 collocans
1191 1723 1313 1756 animas

1003 1773 1038 1804 iu
1063 1772 1293 1813 sempiternam
1319 1770 1464 1812 gloriam.

1004 1830 1057 1862 En
1081 1830 1283 1869 adimplevit,

1003 1878 1088 1910 sicut
1113 1879 1252 1919 dixerat,
1278 1876 1388 1912 hodie,

1004 1935 1115 1968 Timor
1136 1936 1233 1968 irruit
1256 1943 1354 1975 super

1008 1984 1168 2023 custodes,

1004 2030 1084 2064 facti
1110 2034 1186 2064 sunt,
1205 2032 1273 2071 jam

1005 2079 1093 2112 velut
1118 2079 1226 2112 nortui

1006 2136 1053 2169 Et
1076 2146 1162 2169 nunc
1190 2139 1301 2168 euntes
1329 2136 1427 2170 dicite

1007 2185 1221 2227 pedissequis,
1249 2185 1312 2216 cito

1007 2237 1186 2274 properent
1211 2231 1414 2271 Gallilaeam,

1005 2280 1053 2313 ibi
1077 2281 1236 2314 videbunt
1258 2288 1321 2314 me.

1008 2339 1183 2379 Timentes,
1209 2346 1252 2371 ne
1277 2337 1379 2371 visuri

1004 2387 1072 2427 J'am
1099 2396 1169 2419 eum
1196 2387 1316 2419 essunt.
