1655 2637
241 250 299 282 4a.

242 462 297 493 5a.

241 671 296 703 6a.

242 976 297 1008 7a.

241 1186 296 1218 Sa.

239 1680 293 1712 9a.

214 2080 293 2114 lOa.

755 150 1016 187 —196—

325 248 445 281 Novies
472 249 625 282 distincta

326 300 530 336 pneumatum

326 349 400 377 sunt
423 345 550 386 agmina

324 402 384 433 per
408 396 441 426 te
465 392 562 434 facta,

326 460 416 493 Inter
439 460 604 500 primaeva

325 512 399 540 sunt
422 509 502 541 haec
525 518 599 541 nam
625 512 734 541 creata
759 512 823 549 tua,

324 564 394 588 cum
419 556 517 588 simus
541 566 599 588 nos

324 604 438 637 ultima
453 604 558 645 imago
575 605 634 637 sed
647 601 774 635 factura
785 607 849 636 tua.

324 670 420 703 Plebs
443 670 597 711 angelica,

325 719 467 758 phalanx
492 717 726 759 archangelica,

323 766 510 806 principans
535 768 650 808 turma,
677 765 779 798 virtus

324 814 457 845 uranica

323 870 362 893 ac
383 863 526 901 potestas

321 909 524 949 almiphona3

322 975 397 1014 Vos,
424 984 442 1008 ο
464 975 618 1015 Michael,

323 1023 403 1055 coeli
428 1025 568 1063 satrapa,

324 1070 518 1110 Gabrielque
540 1079 616 1103 vera

323 1118 402 1150 dans
426 1117 517 1149 verbi
541 1119 654 1151 nuntia

322 1184 409 1225 Ergo
437 1184 534 1224 digna

321 1241 380 1271 per
403 1241 460 1264 vos
484 1232 587 1271 patris
614 1235 729 1264 cuncta

322 1280 522 1320 complentur
545 1281 708 1320 mandata,

321 1336 402 1367 quae
428 1327 484 1360 dat

322 1375 466 1412 ejusdem
487 1375 602 1414 sophia

320 1431 449 1462 compar
466 1431 590 1463 quoque
610 1430 758 1463 pneuma,
784 1432 847 1455 una

321 1478 512 1509 permanens
536 1470 570 1501 in
594 1471 674 1509 usia,

323 1518 372 1549 cui
398 1517 474 1549 estis

319 1565 389 1597 Deo
413 1565 577 1598 adstantia

320 1613 408 1645 milia
433 1612 556 1645 milium
581 1622 683 1646 sacra.

319 1679 384 1711 Vos
408 1687 469 1720 per
493 1680 616 1720 aethra,

318 1736 376 1759 nos
402 1736 462 1767 per
485 1737 563 1760 rura

320 1775 403 1807 dena

317 1831 395 1862 pars
420 1822 523 1855 electa

319 1870 486 1903 harmonia

321 1921 397 1950 vota

322 1966 431 1998 demus

318 2013 531 2053 hyperlydica
555 2015 687 2047 cithara.

322 2080 388 2119 Quo
412 2081 447 2112 in
474 2088 591 2113 coaeva

316 2128 383 2167 Jam
408 2127 511 2169 gloria

936 249 985 282 41)

936 459 995 493 5b.

1021 248 1097 289 Sed,
1125 256 1197 279 cum
1222 247 1283 283 vis„
1309 244 1391 279 facis
1417 246 1498 278 haec

1023 295 1186 329 flammeas

1021 353 1081 385 per
1101 344 1263 384 angelicas

1020 391 1177 425 officinas.

1018 459 1214 499 Theologica

1022 507 1262 548 cathegorizant
1287 505 1436 547 symbola

1019 555 1113 587 nobis
1138 555 1219 587 haec
1243 557 1295 587 ter

1017 603 1184 643 tripartita
1208 611 1269 643 per
1284 602 1414 643 privata
1432 600 1551 635 officia,

935 670 994 703 6b.
1014 670 1223 703 Dominantia

932 1184 992 1218 81).

931 1681 989 1714 91).

1017 719 1150 750 numina
1176 718 1349 759 divinaque

1017 766 1180 808 subsellia,
1209 765 1382 799 Cherubim

1017 814 1169 846 aetherea

1018 871 1057 893 ac
1083 861 1253 901 Seraphim

1015 910 1185 950 ignicoma.

986 1001 993 1008 .
1017 977 1126 1016 Atque
1149 975 1309 1017 Raphael,

1015 1024 1103 1056 vitae
1127 1024 1271 1065 vernula,

1014 1069 1192 1103 transferte
1216 1081 1275 1104 nos
1300 1073 1386 1104 inter

1014 1119 1261 1159 paradisicolas.

1015 1185 1194 1217 Numerata

1014 1233 1101 1265 vices
1126 1241 1186 1272 per
1210 1233 1261 1265 bis
1287 1234 1401 1274 quinas

1013 1280 1063 1312 bis
1089 1282 1185 1320 atque
1208 1282 1383 1322 quingenta

1015 1328 1098 1360 dena

1016 1379 1151 1408 centena
1174 1377 1266 1409 milia

1014 1424 1177 1456 adsistunt
1194 1424 1228 1455 in
1253 1425 1338 1468 aula,
1369 1434 1389 1456 a
1414 1435 1478 1466 qua

1014 1479 1073 1503 rex
1096 1479 1188 1504 ovem
1214 1473 1421 1505 centesimam

1013 1519 1190 1559 verbigena

1016 1567 1265 1608 drachmamque
1292 1568 1448 1600 decimam

1015 1618 1126 1647 vestra,
1152 1615 1244 1647 duxit
1267 1625 1367 1656 super
1386 1618 1548 1658 agalmata

1014 1683 1080 1722 Quo
1105 1684 1181 1724 post
1202 1682 1290 1715 bella

1013 1729 1184 1761 Michaelis

1012 1777 1126 1809 inclita

1013 1829 1129 1858 nostra
1150 1825 1222 1858 Deo

1014 1873 1081 1905 sint
1102 1876 1237 1914 accepta

1013 1930 1113 1953 aurea

1015 1969 1102 2001 circa

1012 2025 1165 2057 aramque
1189 2018 1409 2058 thymiamata.

906 2083 924 2115 1
931 2084 951 2116 O
959 2082 989 2116 b.
1015 2083 1292 2118 Condecantemus

1011 2132 1134 2172 Alleluj
1138 2141 1167 2166 a.

287 2211 311 2238 B
332 2211 382 2239 fol.
403 2209 460 2239 223
486 2212 514 2239 b.
540 2228 579 2232 —
606 2213 649 2240 Ca
675 2213 726 2240 fol.
749 2212 804 2242 115
825 2215 853 2242 b.
882 2228 919 2233 —
946 2214 974 2241 Ε
993 2215 1044 2243 fol.
1065 2213 1122 2244 266
1144 2224 1170 2244 a.
1198 2232 1235 2236 —
1262 2217 1287 2245 F
1307 2216 1357 2245 fol.
1380 2215 1435 2246 150
1456 2219 1485 2246 b.
1506 2234 1546 2238 —

211 2249 236 2277 G
256 2249 306 2277 fol.
329 2247 383 2278 195
404 2251 432 2278 b.
459 2264 497 2268 ——
522 2250 552 2277 K
570 2250 621 2278 fol.
642 2250 699 2279 214
720 2260 747 2279 a.
776 2267 811 2271 —
838 2253 865 2280 L
883 2252 934 2280 fol.
957 2251 1013 2281 140
1033 2254 1062 2282 b.
1083 2270 1122 2275 —-
1141 2255 1170 2282 N
1189 2255 1240 2283 fol.
1262 2254 1318 2284 125
1338 2256 1367 2283 b.
1387 2270 1427 2274 —
1448 2257 1472 2285 O
1493 2257 1544 2285 fol.

211 2286 249 2317 34
269 2288 296 2314 b.
318 2303 355 2307 -—
374 2288 399 2316 P
420 2288 470 2317 fol.
493 2286 529 2316 97
549 2290 577 2317 b.
600 2306 638 2310 —
659 2289 685 2323 Q
704 2290 755 2317 fol.
778 2289 834 2319 194
852 2292 881 2319 b.
902 2305 940 2309 —
960 2292 1028 2328 Vgl.
1043 2293 1176 2321 Kehrein
1196 2294 1245 2321 N2’.
1268 2293 1333 2322 168.
1355 2309 1393 2313 —
1415 2293 1440 2328 1,
1463 2294 1478 2323 1
1500 2296 1548 2324 Ad

211 2326 340 2355 celebres
359 2327 426 2362 PQ:
447 2326 474 2353 A
494 2327 623 2356 celebres
643 2329 683 2360 Βς
704 2328 746 2356 As
767 2330 897 2358 celebres
919 2329 1032 2362 CaEA;
1054 2340 1107 2359 aus
1130 2331 1196 2359 dem
1215 2332 1257 2360 As
1277 2334 1335 2360 mit
1352 2334 1548 2369 mangelnder

209 2365 382 2401 Aspiration
412 2364 524 2393 erklart
550 2366 613 2394 sich
640 2367 692 2394 der
719 2366 936 2396 Sehreibfehler
960 2368 1008 2396 Ad
1034 2370 1178 2403 miihelos‚
1206 2371 1245 2398 da
1272 2380 1286 2399 s
1313 2371 1375 2399 und
1401 2372 1421 2399 d
1440 2374 1474 2400 in
1495 2374 1548 2402 der

210 2403 379 2440 damaligen
406 2403 516 2432 Schrift
547 2405 632 2433 beide
662 2405 729 2432 dem
761 2406 967 2444 griechischen
994 2406 1014 2435 ὃ
1039 2408 1107 2436 sehr
1132 2408 1253 2436 {ihnlich
1281 2409 1364 2446 sind3
1391 2411 1548 2441 vielleicht

209 2444 329 2471 stammt
348 2443 399 2471 der
418 2442 525 2471 Fehler
545 2452 598 2472 aus
619 2445 676 2478 Ca,
703 2453 749 2472 wo
777 2446 858 2474 diese
877 2444 1074 2474 Ahnlichkeit
1092 2448 1153 2475 sast
1170 2456 1223 2475 zur
1242 2448 1388 2477 Identitat
1406 2451 1490 2478 wird.
1510 2467 1548 2472 —
