1655 2637
707 94 971 130 ——231—

173 187 231 220 3a.
257 186 330 220 Vox
356 191 490 221 aeterna
872 192 933 226 3b.
958 192 1093 225 Cautum
1115 201 1233 226 novum

260 238 293 267 et
317 236 455 277 insignis
954 240 1040 273 inter
1064 244 1155 273 vates

255 287 305 315 est
331 284 474 317 carmina
957 291 1006 321 est
1029 289 1142 330 gloria.

173 369 230 402 4a.
257 369 409 424 Alleluja.
430 372 463 402 et
870 374 928 408 410.
951 373 1093 407 Felicem
1120 375 1224 407 redde

253 426 312 449 nos
339 426 484 450 eammus
952 425 987 454 tu
1011 423 1138 455 veniam

252 465 333 508 Deo,
360 466 488 508 indigni
952 471 1219 514 supplicantibus,

253 514 410 555 quamvis,
953 517 1090 559 Christe,

252 562 287 594 in
313 562 376 594 hac
401 572 496 596 saera
521 565 685 598 solemnia.
953 575 1023 598 cum
1048 575 1141 599 saera
1165 566 1315 600 melodia.

172 650 228 682 52..
256 648 361 689 Junge
386 658 445 681 nos
473 658 543 681 cum
569 650 660 690 ipsis,
870 652 931 685 5b.
954 652 1001 685 Ut
1024 652 1155 685 labente
1181 652 1276 692 culpa

253 705 324 728 eum
348 697 464 737 quibus
491 700 524 729 et
547 698 701 742 canimus,
954 700 1128 733 habeamus
1153 700 1280 732 veniam

572 786 603 819 6.
630 786 675 818 Et
699 786 846 827 requiem
870 787 1111 828 sempiternam.

246 879 269 907 Β
298 879 349 907 fol.
371 877 428 907 242
443 880 471 908 b.
493 897 531 900 —
553 880 595 909 Cb
621 881 671 909 fol.
692 880 732 909 74
749 890 776 909 a.
796 897 833 901 —-
849 882 877 909 Ε
905 882 955 910 fol.
979 880 1035 910 270
1052 883 1081 911 b.
1102 898 1140 902 —
1161 879 1220 917 211,
1243 880 1261 909 2
1286 890 1373 918 quem
1392 883 1504 909 canunt

169 917 220 946 Cb.
236 934 273 938 —
296 916 361 951 21),
390 916 410 946 4
425 918 539 955 jugiter
558 919 639 948 Eeb.
662 935 697 939 —
720 918 777 955 2b‚
796 920 813 948 5
835 922 868 948 in
888 922 954 948 eive
974 921 1012 956 B;
1035 921 1202 949 aetheream
1222 920 1258 948 E.
1281 935 1319 940 ——
1341 917 1358 947 3
1374 928 1399 953 a,
1421 917 1439 947 3
1461 922 1506 947 est

167 957 263 993 gloria
282 957 315 984 B.
335 972 376 976 —
396 955 414 985 3
428 958 462 992 b,
490 955 508 984 2
533 960 617 986 vates
639 961 669 987 et
694 961 839 995 martyres
859 958 901 993 E,
929 959 978 987 die
996 960 1096 987 Noten
1118 959 1165 986 fiir
1186 960 1265 987 inter
1284 961 1368 987 vates
1383 958 1504 986 wieder-

166 995 255 1023 holen
276 995 341 1023 sich
354 996 430 1024 iiber
452 998 482 1024 et
501 999 656 1032 martyres,
679 997 731 1025 das
753 998 816 1026 also
837 997 917 1025 wohl
941 998 978 1025 ad
998 997 1118 1026 libitum
1136 997 1183 1025 fiir
1202 1000 1286 1025 vates
1310 997 1413 1025 stehen
1432 997 1504 1031 53113

168 1036 213 1062 est
233 1036 261 1062 et
274 1035 307 1061 in
326 1037 472 1070 martyres
492 1034 571 1063 BCb.
649 1034 708 1070 4a,
738 1034 756 1064 3
777 1037 860 1064 Deus
881 1036 923 1069 E;
942 1037 1024 1064 DeOs
1045 1037 1079 1064 B.
1100 1051 1136 1055 —
1156 1035 1213 1070 41),
1237 1034 1252 1063 1
1273 1036 1388 1064 Felices
1408 1035 1444 1063 E.
1468 1050 1506 1054 ——

166 1072 220 1107 41³,
242 1071 260 1100 2
282 1074 343 1101 tuis
362 1073 395 1101 Β.
417 1088 454 1092 -
477 1072 532 1109 521,
559 1073 573 1101 1
596 1074 658 1102 illis
679 1075 712 1102 B.
735 1091 772 1095 —
792 1074 849 1110 510,
874 1073 887 1102 1
908 1074 952 1102 Ut
970 1074 1141 1103 labentibus
1162 1074 1256 1111 culpis
1278 1074 1312 1102 B.

572 1196 635 1228 210,
677 1196 720 1228 De
741 1195 900 1228 Communi
921 1195 1108 1235 Martyrum.

172 1286 231 1321 ia.
256 1285 421 1319 Mirabilis
448 1286 537 1319 Deus
870 1286 930 1320 ib.
955 1286 1015 1326 Qui
1039 1284 1106 1318 fide
1130 1285 1300 1325 praeclara

253 1335 287 1367 in
311 1335 431 1367 sanetis
456 1335 619 1368 mirabilia
647 1336 727 1369 dans
952 1334 1102 1366 vicerunt
1125 1334 1237 1366 mundi
1266 1333 1458 1374 gravissima

253 1381 434 1426 magnifica,
952 1382 1107 1423 pericula.

170 1473 230 1504 2a.
258 1470 408 1503 Judicum
434 1470 549 1510 minas,
868 1469 927 1503 21).
950 1469 1039 1510 Ergo
1064 1468 1267 1510 triumphant

254 1518 392 1551 verbera
418 1522 450 1550 et
473 1517 650 1550 blanditias
951 1518 1063 1550 laurea
1090 1517 1186 1549 eomti
1212 1517 1328 1560 capita,

256 1570 496 1600 contemnentes
521 1569 630 1598 mente
655 1566 772 1599 devota
951 1566 1054 1598 secuti
1079 1569 1169 1598 reete
1192 1566 1338 1606 vestigia,

254 1625 332 1648 vero
358 1613 609 1648 transfuderunt
951 1614 1026 1655 agni
1051 1614 1234 1655 singularis,

248 1665 319 1705 regi
342 1664 476 1697 animas.
952 1662 1074 1695 Christi
1100 1665 1238 1695 saerata.

168 1754 223 1786 3a.
253 1751 312 1785 Cui
334 1749 489 1783 melliflua
868 1748 927 1783 3b.
956 1749 1097 1789 Quorum
1124 1748 1323 1780 celebrantes

251 1800 383 1832 assidue
952 1797 1109 1830 solemnia

252 1849 332 1881 dant
358 1848 484 1880 cantica
953 1846 1113 1878 consortio

252 1898 320 1938 eJ'us
345 1896 616 1937 praedulcissima
950 1895 1042 1935 jungi
1068 1903 1130 1935 quo
1155 1902 1346 1933 mereamur,

245 1946 335 1987 pleni
359 1946 473 1987 gloria.
951 1942 1098 1976 Christus
1124 1945 1254 1983 annuat,

600 2035 632 2066 4.
661 2032 722 2072 Qui
746 2035 859 2065 nostra
884 2035 934 2064 est
958 2032 1070 2073 gloria.

240 2131 265 2159 Β
286 2131 337 2159 fol.
358 2128 415 2158 229
429 2131 457 2159 b.
481 2145 520 2150 ——
541 2129 583 2157 Cb
605 2128 655 2156 fol.
678 2126 714 2157 73
727 2129 754 2157 b.
775 2145 813 2149 -—
828 2129 857 2157 D
878 2128 928 2156 fol.
952 2125 1007 2156 103
1023 2136 1048 2156 a.
1069 2144 1107 2148 —-
1127 2128 1154 2156 E
1171 2128 1221 2156 fol.
1243 2125 1300 2156 270
1310 2137 1336 2157 a.
1358 2142 1396 2147 -—
1410 2128 1435 2156 F
1453 2128 1502 2156 fol.

164 2169 220 2199 154
233 2171 262 2199 b.
285 2184 323 2189 —
344 2169 370 2198 G
397 2169 448 2197 fol.
471 2166 528 2197 200
538 2177 564 2196 a.
585 2184 624 2188 —
644 2167 673 2195 K
700 2168 750 2196 fol.
772 2166 827 2196 157
838 2168 867 2196 b.
888 2184 926 2188 —
946 2167 973 2195 L
993 2167 1042 2195 fol.
1066 2165 1123 2195 114
1136 2176 1162 2195 a.
1185 2182 1221 2186 —
1242 2167 1266 2195 P
1290 2167 1340 2195 fol.
1362 2166 1396 2195 61
1415 2168 1443 2195 b.
1465 2184 1504 2188 —

163 2209 221 2238 Gfr.
234 2210 320 2237 Miss.
342 2217 396 2237 ms.
409 2208 630 2236 Sal-isberiense
650 2215 726 2235 saec.
750 2205 794 2235 15.
810 2207 881 2235 Cod.
902 2206 976 2235 bibl.
991 2207 1158 2235 Rossianae
1180 2215 1202 2234 s.
1225 2208 1301 2244 sign.
1317 2207 1354 2234 Σ.
1368 2221 1403 2225 -
1418 2206 1503 2234 Miss.

162 2249 332 2277 Oxoniense
363 2249 433 2275 anni
456 2245 533 2275 1384
558 2245 631 2274 olm.
653 2246 825 2274 Monacens.
847 2244 905 2274 705
926 2244 960 2277 Ξ.
983 2260 1021 2265 —
1040 2246 1125 2273 Miss.
1153 2254 1206 2273 ms.
1227 2246 1399 2273 Parisiense
1425 2253 1502 2273 saec.

163 2287 208 2317 15.
232 2287 294 2316 Cod
314 2287 473 2316 Hafniens.
494 2286 594 2314 Thott.
622 2284 673 2313 fol.
692 2283 747 2314 146
765 2285 805 2313 Ω.
825 2302 864 2306 -
885 2283 903 2312 2
918 2294 950 2322 a,
970 2283 988 2314 3
1010 2284 1135 2313 robusta
1153 2285 1215 2317 ΣΞ.
1238 2300 1272 2304 —
1298 2283 1316 2312 2
1331 2293 1356 2320 a,
1372 2285 1390 2312 4
1409 2285 1502 2312 veris-

163 2329 239 2356 simo
261 2326 402 2355 fuderunt
420 2324 689 2354 BCaDEFGKLP.
710 2341 750 2345 —
769 2322 832 2360 210,
853 2322 872 2353 3
893 2325 967 2353 recti
989 2326 1020 2352 Σ
1025 2335 1032 2360 3
1054 2325 1111 2352 rite
1129 2324 1162 2352 F.
1184 2341 1222 2345 —
1244 2322 1298 2358 3a,
1323 2322 1338 2351 1
1361 2332 1403 2359 sq.
1428 2324 1501 2351 assi-

162 2367 220 2395 due
244 2366 391 2394 melliflua
409 2364 560 2393 BDGLP:
583 2363 639 2392 Cui
664 2363 785 2392 assidue
808 2364 872 2400 jam
891 2363 1037 2392 melliflua
1058 2363 1137 2391 ObE.
1161 2378 1191 2382 —-
1217 2361 1235 2391 3
1248 2371 1274 2399 a,
1289 2362 1308 2390 4
1328 2362 1502 2390 dulcissima

160 2406 270 2443 repleti
288 2404 484 2434 BGEFGLP.
507 2419 546 2424 —-
565 2400 584 2432 3
597 2411 622 2439 a,
648 2401 665 2431 5
686 2404 785 2439 gratia
798 2402 861 2435 ΣΞ.
883 2418 920 2423 -
941 2400 959 2431 3
974 2403 1002 2438 b,
1023 2402 1042 2430 4
1063 2402 1204 2439 conjungi
1225 2410 1395 2430 mereamur
1416 2400 1501 2429 BLP.
